1670 3094
269 197 405 261 &n
513 195 1386 246 ANNOTATIONOES

309 286 608 339 παραλαβόντες
628 285 749 342 usque
772 287 820 328 ad
845 287 977 341 ἁρχῠ,
1009 286 1152 328 omiffis
1180 297 1332 329 tantum
1352 288 1481 330 verbis
1505 286 1588 331 τού-

308 354 364 389 τῳ
391 339 447 390 τῷ
471 340 622 393 τρόπῳε
645 341 708 382 sed
736 355 937 396 perperam
963 343 1065 397 apud
1093 356 1182 383 eum
1214 342 1293 392 est,
1314 343 1482 385 κατέστη
1508 344 1588 384 τοῖς

307 393 509 434 Ἀθηιιοιίοις
531 394 660 447 πρώτη
684 393 803 447 ἀρχή.
834 395 1017 436 Ceterum
1033 427 1045 445 ‚
1068 397 1159 450 quia
1189 397 1303 449 φόρου
1333 409 1479 438 nomen
1501 410 1585 451 gra-

307 460 362 487 ve
392 448 434 487 &
471 447 648 489 odiorum
682 461 765 489 erat
796 449 981 499 Graecis,
1000 463 1073 504 pro
1103 464 1153 491 eo
1181 450 1317 491 deinde
1349 452 1478 506 coepit
1510 452 1583 493 dici

305 500 508 596 ὃύντοιξις.
530 503 760 597 Ηιιὲμόοετειῐ.
784 503 825 543 in
845 499 1051 557 σύνταξις,
1075 504 1115 545 &
1137 504 1342 559 Spanhem.
1371 506 1421 546 ad
1444 505 1584 548 Iulian.

351 565 420 595 rat.
443 582 485 603 i,
535 586 542 594 .
573 571 584 595 1
648 588 656 596 .
1443 579 1446 582 ·

360 613 437 649 ead.
459 612 483 648 l.
505 569 627 661 1ς>.’ῗΗν
646 609 684 649 θ’
710 609 886 663 ὅπρῖὁτος
904 610 999 664 &c.)
1017 610 1216 664 Adclaffis
1229 611 1464 664 aedificandas
1484 627 1580 652 exer-

306 664 454 714 citusque
472 667 742 717 comparandos,
766 677 930 718 quantum
954 667 1115 718 pecuniae
1134 681 1283 719 quaeque
1305 667 1435 706 civitas
1459 669 1576 716 daret,

304 717 475 770 Arijlfiaks
496 719 638 758 deleam
659 720 702 772 est
716 747 726 765 ,
750 721 807 772 qui
833 720 1046 772 constitueret.
1067 720 1160 758 Eius
1180 720 1321 759 arbitrio
1346 722 1579 773 quadringen-

306 783 345 809 ta
378 772 413 810 (ζ’
431 770 619 825 ]ὲ.τα3ιητα
642 773 772 812 talenta
805 773 992 826 quotannis
1020 773 1152 813 Delum
1172 772 1258 824 fient
1281 773 1422 814 collata.
1453 773 1579 816 Corn.

303 823 450 879 Nepos.
468 826 570 866 Vide
589 827 705 867 etiam
730 825 1037 883 Plutarchumnin
1054 825 1230 867 Aristide.
1255 827 1395 867 Huns.

356 883 430 919 ead.
458 879 482 918 l.
512 881 550 920 6.
575 878 748 930 Ταμιεῐόν
765 895 810 920 τε
830 879 955 921 Δῆλος
971 881 1050 935 ἢν.)
1075 880 1120 920 Id
1141 881 1267 928 enim,
1287 890 1333 921 ut
1356 881 1480 935 inquit
1496 882 1577 923 Ne—

303 946 400 986 pos,
417 945 630 974 commune
651 935 843 975 aerarium
865 934 941 975 effe
958 935 1182 975 voluerunt.
1207 933 1293 976 Scil.
1312 934 1379 975 vel
1402 935 1496 988 quia
1517 935 1577 976 lo·

301 1001 372 1027 cus
402 998 485 1028 erat
521 987 789 1029 munitiffimus
816 988 857 1029 &
885 988 982 1029 nulli
1013 987 1228 1044 suspectus,
1258 988 1324 1029 vel
1350 989 1443 1043 quia
1467 987 1575 1030 Delii

300 1042 490 1096 templum
521 1043 562 1082 in
587 1055 727 1096 magna
751 1043 1009 1083 veneratione
1032 1043 1175 1083 nedum
1200 1042 1380 1092 Graecis,
1411 1041 1477 1082 sed<
1499 1056 1576 1084 -εκ-

300 1096 394 1135 teris
418 1096 532 1136 etiam
561 1097 736 1150 gentibus
758 1107 854 1136 erat.
879 1095 1052 1137 solebant
1073 1097 1174 1137 enim
1198 1096 1350 1157 antiqui
1368 1095 1570 1138 thesauros

301 1151 480 1202 privatos
502 1151 545 1192 &
574 1151 754 1206 publicos
776 1152 817 1190 'm
838 1150 1019 1201 Deorum
1043 1150 1194 1205 templis
1215 1163 1261 1191 ac
1282 1150 1380 1190 tanis
1404 1150 1573 1204 depone·

298 1216 365 1252 re,
399 1215 443 1244 ut
466 1217 606 1244 eorum
634 1205 825 1259 religione
853 1204 896 1244 &
926 1216 1032 1245 metu
1064 1204 1249 1245 securitas
1278 1215 1501 1259 pararetur:
1527 1216 1574 1246 ut
1636 1228 1638 1230 ·

297 1269 404 1310 patet
434 1272 484 1298 ex
509 1258 634 1300 Cicer.
667 1259 714 1299 de
735 1258 901 1312 Legibus
929 1259 972 1308 Ι,
1003 1273 1046 1308 2,
1073 1259 1116 1299 δι
1147 1258 1272 1299 Plauti
1306 1258 1444 1299 Bacch.
1469 1259 1572 1301 Vide

297 1312 464 1353 Brodaei
480 1312 639 1354 Miscell.
661 1328 710 1363 4,
739 1327 797 1363 ¹7-
819 1312 945 1353 lom.
971 1313 1163 1365 Ταμιεῖον)
1186 1311 1256 1353 Gr.
1276 1311 1380 1353 flor.
1398 1311 1570 1363 Ταμεῖον.

296 1377 339 1405 at
371 1365 450 1407 fere
481 1370 686 1420 poetarum
700 1399 712 1416 ‚
745 1377 812 1406 aut
841 1380 915 1420 pro
937 1367 1030 1408 cella
1051 1367 1247 1421 penuaria.
1273 1365 1338 1406 Ab
1367 1365 1475 1406 editis
1499 1365 1572 1408 stat
1623 1369 1626 1372 ’

297 1418 353 1459 D.
378 1421 503 1462 Halic.
533 1434 601 1473 541
619 1451 631 1469 ,
662 1420 922 1474 '72310seph.
946 1434 1057 1475 1179.
1079 1420 1199 1475 Apud
1215 1419 1423 1460 Isocratem
1438 1429 1570 1462 tamen
1636 1447 1643 1460 „

294 1475 465 1525 ταμιεῖον
490 1488 565 1529 pro
597 1488 643 1515 ce
672 1489 695 1515 a
731 1475 905 1529 privata,
939 1474 1001 1515 sed
1026 1473 1221 1528 figurate.'
1238 1475 1384 1514 WAss.
1408 1474 1569 1525 Ταμεῖον
1631 1497 1635 1507 ι

294 1528 451 1581 quidem
483 1542 566 1570 non
590 1543 682 1570 raro
717 1542 790 1583 pro
826 1529 974 1569 aerario
1030 1529 1159 1570 ublico
1186 1528 1326 1582 legitur
1357 1529 1399 1568 in
1431 1527 1570 1582 prosae
1642 1534 1644 1539 '

293 1583 570 1637 icriptoribus,
592 1593 636 1623 ut
658 1582 849 1624 Plutarch.
877 1542 1039 1636 Quaeg.
1061 1583 1180 1623 Rom.
1210 1595 1257 1630 41
1283 1582 1326 1624 δι
1346 1595 1422 1631 423
1444 1581 1567 1624 Dion.

292 1636 374 1676 Lib.
401 1637 489 1686 LV,
513 1652 551 1692 p.
581 1638 679 1692 5653
704 1637 922 1678 Herodian.
947 1637 989 1686 I,
1020 1637 1067 1683 6,
1098 1637 1140 1677 δι
1165 1635 1269 1685 VII,
1294 1650 1332 1685 4.
1364 1634 1438 1676 Sed
1469 1636 1569 1678 haec

294 1689 340 1730 δι
363 1691 438 1731 alia
470 1691 690 1732 huiusmodi
722 1691 810 1732 loca
834 1689 1003 1745 suspecta
1032 1690 1106 1732 effe
1134 1688 1290 1746 poffunt
1312 1700 1470 1744 propter
1498 1704 1569 1731 va·
1620 1703 1623 1706 ·

291 1746 471 1786 rietatem
497 1745 705 1800 scripturae
743 1747 783 1785 in
808 1744 1046 1799 quibusdam.
1071 1745 1154 1795 Ita,
1214 1744 1295 1784 uod
1327 1744 1366 1783 in
1391 1743 1562 1798 Dionys.
1631 1789 1634 1794 .

290 1799 380 1839 Hal.
411 1813 497 1854 pag.
528 1813 595 1852 54¹
621 1800 660 1839 in
678 1799 845 1854 vulgatis
863 1799 918 1840 est
943 1798 1125 1850 ταμείου,
1147 1799 1193 1839 Μ
1211 1829 1220 1838 .
1243 1798 1336 1838 Vat.
1357 1797 1472 1838 habet
1495 1813 1567 1839 τοι·
1628 1840 1630 1842 .

287 1852 421 1903 μιείου.
441 1854 490 1894 Et
518 1854 557 1892 in
575 1854 777 1908 Excerptis
804 1853 918 1894 eiusd.
946 1867 983 1908 p.
1007 1867 1085 1904 747
1110 1854 1212 1893 Pacii
1231 1852 1369 1893 Codex
1391 1851 1566 1904 ταμιεῖον

290 1920 366 1961 pro
389 1907 558 1959 ταμεῖον.
587 1908 634 1948 In
656 1908 752 1948 Plut.
776 1921 858 1962 quo
886 1920 938 1948 ue
959 1908 1065 1961 quod
1087 1906 1113 1946 l.
1138 1907 1174 1947 d.
1193 1905 1247 1947 est
1270 1904 1448 1958 ταμεῖον,
1469 1918 1565 1946 rur·
1624 1936 1626 1938 -

290 1960 375 2000 sum
394 1962 435 2002 in
458 1961 677 2003 Publicolae
699 1962 785 2002 vita
805 1963 846 2001 in
885 1961 1051 2016 ‘tephani
1074 1960 1134 2001 ed.
1163 1960 1206 2001 δι
1231 1959 1288 2001 his
1303 1991 1316 2010 ‚
1345 1972 1446 2014 quae
1474 1958 1562 2014 post

288 2029 376 2055 eam
399 2017 628 2070 prodierunt
646 2046 662 2066 ,,
694 2016 750 2056 est
775 2015 959 2068 ταμιεῖον.
990 2014 1149 2066 Ταμεῖον
1211 2027 1258 2054 ro
1284 2014 1368 2054 ce'lla
1392 2016 1561 2066 penuaria

287 2068 344 2109 est
369 2070 408 2108 in
436 2070 635 2125 Theophr.
654 2069 770 2111 Char.
799 2082 830 2110 c.
850 2070 927 2119 IV,
958 2070 1001 2111 δι
1028 2069 1175 2109 Menan
1200 2081 1247 2109 ro
1271 2067 1372 2123 apud
1403 2067 1560 2121 Harpo-
1619 2070 1622 2071 ⁷

287 2132 381 2164 crat.
414 2137 455 2165 v.
476 2123 633 2164 Κτησίου
664 2127 778 2174 Διὸς,
798 2124 865 2178 qui
891 2123 1002 2164 locus
1022 2121 1185 2163 fortaffis
1215 2134 1295 2162 non
1315 2131 1401 2174 eget
1430 2134 1560 2161 emen-

286 2177 452 2218 datione.
486 2178 588 2217 Nam
612 2177 663 2217 ibi
697 2176 823 2218 sermo
861 2177 915 2218 est
945 2178 992 2217 de
1022 2177 1118 2217 cella
1147 2177 1397 2231 promtuaria.
1433 2174 1482 2214 Et
1505 2173 1558 2216 fic
1616 2181 1618 2183 ’

289 2230 414 2272 Gloff.
440 2230 600 2282 Ταμεῖον
613 2262 625 2280 ,
649 2233 692 2270 τὶ
714 2231 904 2272 &novembr
916 2262 928 2280 ‚
947 2232 1117 2271 cellarium
1131 2261 1143 2280 ,
1161 2230 1248 2270 cella
1261 2259 1273 2276 ‚
1298 2229 1354 2278 &,
1366 2227 1560 2279 Ταμιεῖον,’

284 2287 330 2324 τὶ)
361 2284 563 2337 summu,
594 2285 703 2337 fiscus
722 2315 734 2333 ‚
762 2287 942 2324 aerarium.
974 2284 1142 2324 Diodor.
1176 2283 1248 2324 Sic.
1281 2281 1364 2330 XI,
1396 2283 1472 2323 266
1509 2282 1558 2324 de
1609 2330 1612 2334 Δ

283 2337 364 2381 hoc
384 2338 586 2380 communi
606 2339 755 2379 aerario
779 2338 1025 2379 Graecorum
1057 2337 1099 2377 δι
1128 2336 1385 2377 conventibus
1408 2336 1448 2375 in
1473 2334 1558 2377 De·
1586 2370 1588 2372 ,

283 2391 347 2433 1οε
376 2391 487 2433 Εὐθὺς
516 2386 575 2433 οὖν
605 2391 622 2432 ὃ
647 2391 715 2444 μὲν
744 2391 973 2444 Ἀριαπείθης
995 2390 1262 2436 συνεβούλευσε
1287 2389 1366 2430 τοῖς
1398 2388 1557 2441 συμμά-
1602 2401 1605 2403 ’

284 2461 378 2501 χοις
408 2445 561 2493 Scotum,
582 2446 702 2487 κοινὴν
729 2443 757 2484 ἄ
786 2460 872 2486 'ova-t
908 2445 1057 2486 ‹rimosw
1091 2443 1303 2496 ἀποδεῖξαι
1330 2444 1398 2483 τὴν
1431 2442 1552 2484 Διᾶλιν
1597 2454 1600 2459 ’

283 2504 398 2544 κοινὸν
417 2500 602 2554 ταμιεῖον.
623 2494 752 2543 Viden
777 2514 844 2541 um
865 2499 1006 2550 etiam,
1021 2499 1168 2541 an-huc
1190 2500 1406 2559 pertineant
1429 2497 1552 2541 verba
1595 2502 1598 2531 ἰ

1663 854 1670 934 ...ιι-4
