1670 3094
306 221 368 270 μ
597 204 1286 253 THUCYDIDIS

307 320 387 349 και
407 293 514 368 dp«.
531 299 735 351 ἀποικίαν
754 299 794 356 ἒς
811 322 880 359 την
898 297 1188 370 ἘπιὲαμνοΓ
1176 320 1415 371 emptica-ov,
1436 296 1507 352 ἔπι
1526 324 1574 366 τῃ

305 374 375 440 ἴση
394 396 472 426 και
472 378 625 464 ὁμοία
649 393 713 428 τον
737 371 1044 446 βουλίμενον’
1008 398 1120 428 ιεναι.
1149 383 1182 427 εἰ
1210 374 1260 428 cie
1271 400 1334 434 τις
1357 397 1575 469 Tmapoev-
1644 414 1645 418 =

306 455 412 502 τίκα
441 472 517 522 μεν
548 477 612 522 μη
642 447 771 504 ἐθέλει
800 452 1013 521 ξυμπλεῖν
1026 489 1037 507 ,
1067 448 1263 523 μετέχειν
1290 443 1337 503 δε
1363 449 1576 514 βουλεται

307 550 379 587 της
397 530 625 586 ἀποικιας,
651 550 907 588 πεντηκοντα
934 525 1142 601 ὃραχμας
1169 524 1411 581 καταθεντα
1431 528 1575 623 Κοριν-

306 606 400 661 θίας
417 599 560 675 μένειν.
587 598 693 665 ἦσαν
721 595 766 655 δε
792 625 870 655 και
893 610 926 656 οἱ
945 602 1141 662 πλέοντες
1162 603 1347 660 πολλοι,
1367 627 1447 657 και
1472 611 1506 657 οἱ
1530 628 1578 656 το

303 679 498 771 ἀργυριον
515 678 896 742 καταβάλλοντες.
916 678 1132 741 {defines-ow
1149 671 1194 732 δε
1210 704 1289 736 και
1306 705 1384 734 των
1401 682 1578 746 Μεγα-

308 752 403 849 ρέων
435 777 555 808 ναυσι
596 758 725 820 σφοῖς
758 753 1133 846 ξυμπροπέμψαι,
1170 764 1206 809 εἰ
1239 755 1328 830 ἄρα
1355 754 1578 810 κωλυοιντο

306 827 392 884 ὑπο
393 831 694 927 Κερκυραίων
730 836 871 886 πλεῖν.
907 838 941 886 οἱ
969 825 1016 885 δε
1047 832 1407 905 παρεσκευαζοντο
1438 836 1578 891 αὐτοῖς

306 901 419 960 bac-rw
438 930 559 961 ναυσι
578 911 813 979 ξυμπλεῖν,
833 931 913 961 και
937 909 1105 974 Παλης
1130 907 1461 974 Κεφαλληνων,
1477 905 1577 961 τέο·-

307 1005 453 1058 σαρσι.
480 1007 559 1037 και
556 984 849 1074 Ἐπιδαυρίων
876 984 1115 1047 ἒὸεηθηο-αν,
1137 992 1171 1039 οἱ
1196 1009 1416 1060 παρεσχον
1439 981 1575 1039 πέντε.

306 1060 524 1156 Ερμιονῇς
537 1052 604 1117 δε,
629 1067 748 1133 μίαν
774 1085 853 1113 και
881 1060 1118 1136 Τροιζηνιοι,
1139 1060 1222 1116 δυο·
1252 1061 1485 1116 Λευκάδιοι
1509 1053 1577 1118 δε,

306 1134 428 1189 δέκα
449 1160 528 1189 και
545 1136 950 1233 Ἀμπρακιῶται,
933 1163 1056 1192 οκτω.
1085 1138 1314 1202 Θηβαίους
1331 1130 1378 1190 de
1401 1161 1578 1230 χρημα-

307 1235 370 1267 τα
388 1236 564 1282 ητησαν,
590 1237 669 1266 και
690 1215 943 1274 Φλιασίους
973 1215 1169 1275 Ἠλείους
1194 1237 1240 1267 τε
1268 1237 1370 1274 ναυς
1385 1237 1432 1268 τε
1454 1237 1579 1273 κενοις

305 1367 410 1424 ipsos
440 1382 659 1419 venerunt,
684 1372 752 1426 qui
779 1371 920 1413 urbem
952 1371 1118 1414 obsideri
1151 1371 1403 1421 nuntiarunt,
1433 1369 1578 1410 exerci-

305 1450 393 1480 tum
413 1454 549 1495 parare
571 1454 801 1497 coeperunt.
824 1442 946 1484 Simul
963 1444 1078 1484 etiam
1101 1442 1299 1484 coloniam
1320 1441 1580 1496 Epidamnum

304 1507 565 1551 deducendam
588 1510 813 1558 edixerunt,
837 1523 885 1551 ea
901 1510 1010 1564 lege,
1033 1521 1102 1560 ut,
1121 1511 1189 1564 qui
1211 1510 1351 1560 vellet,
1371 1508 1580 1558 illuciret.,

306 1582 394 1635 pari
424 1583 528 1632 iure,
557 1584 718 1639 parique
742 1584 898 1625 honore
931 1597 1022 1625 cum
1056 1583 1193 1624 ceteris
1225 1582 1376 1625 civibus
1410 1580 1578 1623 futurus.

308 1651 435 1706 Quod
454 1652 484 1693 s1
504 1653 591 1708 quis
611 1654 790 1708 protinus
810 1667 900 1695 cum
923 1654 1066 1694 ceteris
1086 1653 1271 1707 navigare
1291 1652 1442 1703 nollet,
1458 1652 1502 1694 δι
1521 1662 1579 1692 ta-

304 1735 398 1763 men
415 1722 594 1764 coloniae
615 1724 805 1778 particeps
828 1721 905 1763 effe
924 1721 1046 1763 vellet
1059 1753 1072 1772 ‚
1085 1722 1302 1763 numeratis
1322 1719 1580 1776 quinquagin-

304 1801 345 1832 ta
359 1792 550 1835 drachmis
566 1794 778 1835 Corinthiis
797 1794 834 1834 ei
852 1793 893 1834 in
912 1793 1011 1834 urbe
1033 1806 1233 1834 remanere
1249 1791 1368 1834 licere
1388 1791 1580 1832 dixerunt.

304 1862 482 1904 Fuerunt
501 1874 631 1905 autem
654 1863 861 1919 permulti,
878 1863 921 1904 δι
939 1863 1007 1918 qui
1028 1864 1282 1918 navigarunt,
1303 1862 1347 1904 &
1367 1861 1436 1917 qui
1459 1874 1577 1916 pecu-
1642 1891 1644 1894 ψ

306 1931 407 1972 niam
439 1942 704 1974 numerarunt.
743 1932 952 1986 Rogarunt
981 1933 1097 1973 etiam
1124 1930 1396 1986 Megarenses,
1429 1941 1474 1972 ut
1497 1929 1576 1971 suis

306 2001 474 2041 navibus
503 1999 541 2041 se
576 2000 753 2042 comitari
783 2000 930 2042 vellent
951 2032 964 2051 ‚
999 1999 1029 2040 fi
1060 1999 1162 2042 forte
1192 1999 1285 2041 suae
1318 1997 1575 2054 navigationis

303 2068 438 2110 cursus
464 2083 487 2109 a
508 2070 747 2123 Corcyraeis
769 2069 1026 2125 impediretur,
1056 2070 1117 2111 Illi
1139 2082 1238 2112 vero
1256 2083 1347 2112 cum
1373 2069 1448 2118 illis
1465 2067 1577 2110 navi-

306 2151 399 2194 gare
419 2139 513 2180 ocio
533 2140 700 2180 navibus
719 2138 905 2195 parabant
918 2171 931 2190 ‚
950 2140 992 2181 &
1016 2138 1188 2180 Palenses
1206 2137 1547 2194 Cephalleniorum
1564 2167 1578 2187 ‚

305 2220 490 2264 quatuor.
511 2209 745 2264 Epidaurios
766 2223 926 2264 quoque
949 2219 1158 2263 rogarunt,
1177 2209 1246 2263 qui
1268 2207 1439 2263 quinque
1465 2219 1576 2261 prae-
1624 2203 1636 2214 ⁶

305 2282 486 2324 buerunt.
504 2281 806 2322 Hermionenses
827 2295 927 2323 vero
941 2311 952 2331 ‚
972 2282 1139 2323 unicam.
1157 2281 1208 2323 Et
1220 2278 1450 2328 Troezenii,
1464 2278 1571 2318 duas.

307 2353 510 2403 Leucadii,
543 2352 686 2394 decem.
724 2352 773 2394 Et
801 2351 1090 2396 ‚Ambraciotae
1108 2382 1122 2399 ,
1156 2349 1264 2392 οᾶο.
1300 2348 1339 2391 Α
1372 2347 1572 2390 Thebanis

307 2411 429 2473 ὕετο,
452 2422 493 2463 δι
519 2420 687 2463 Phliafiis
710 2422 890 2477 pecunias
919 2421 1135 2476 petierunt,
1160 2420 1210 2461 ab
1233 2419 1334 2461 Eleis
1355 2432 1479 2461 naves
1501 2432 1572 2461 va·
1632 2414 1657 2507 ξ

1635 2506 1655 2550 ζζ

306 2505 399 2535 cuas
419 2493 462 2535 &
482 2494 678 2550 pecunias.
708 2493 887 2550 Ipsorum
913 2507 1014 2538 vero
1034 2493 1334 2536 Corinthiorum
1359 2503 1480 2535 naves
1499 2490 1567 2531 tri-

1644 2607 1651 2614 “
1668 2610 1670 2639 ι’

1627 2641 1670 2681 1¹
