1670 3094
233 223 350 290 ,ψ
577 223 1269 272 THUCYDIDIS

286 315 558 371 θάλασσαν.
585 322 621 370 οἱ
645 308 730 368 de’
718 339 755 369 εν
775 341 823 382 τη
846 317 974 371 πολει
999 316 1104 378 ὄντες
1128 315 1453 387 Ἐπιδάμνιοι,’
1439 335 1558 372 επει-

287 387 337 456 δη
356 391 574 459 ἐπιέζοντο,
587 389 837 478 πέμπουσιν
857 396 896 453 ἒς
919 417 988 455 την
1012 391 1224 468 Κέρκυραν
1247 390 1527 480 vpe'ffsscag,
1500 419 1557 454 ως

287 470 541 562 μητρόπολιν
562 491 711 525 ουσαν,
735 468 910 539 δεόμενοι
934 493 998 540 μη
1027 471 1155 534 σφοῖς
1179 493 1368 544 περιοραν
1392 473 1555 544 φθειρο-

284 543 450 618 μένους,
474 542 615 598 αλλα
637 570 729 603 τους
746 567 797 598 τε
816 543 1058 611 φευγοντας
1086 548 1367 611 συναλλάξαι
1397 553 1553 611 σφίσι,

287 645 366 674 και
384 646 448 685 τον
465 646 542 674 των
559 618 798 695 βαρβαρων
825 622 1015 691 πόλεμον
1033 622 1310 675 καταλῦσαι.
1339 623 1486 674 ταῧτα
1510 614 1551 674 ὃ
1539 645 1559 674 ε

287 695 426 752 ικέται
453 696 751 766 καθεζομενοι’
739 719 779 755 ες
802 721 848 749 το
875 697 1055 791 Ηραιον,
1068 694 1227 752 {dem-o.
1257 723 1292 751 οι
1321 690 1368 750 δε
1393 699 1559 790 Κερκυ-

286 797 390 848 ραιοι
409 797 479 836 την
500 779 678 827 ἱκετειαν
703 777 779 827 οὐκ,
801 770 1007 837 ἐδέξαντο,
1032 775 1145 826 ἀλλ’
1169 773 1418 848 ἀπράκτους
1442 772 1559 828 οἱπε-

288 849 495 941 πεμψαν.

362 949 437 978 κε.
467 922 634 985 Γνοντες
661 916 707 978 de
734 951 768 978 οι
795 924 1063 997 Επιὸαμνιοι
1083 926 1278 998 abdelam
1295 930 1446 983 σφίσιν
1463 922 1559 979 ἀπο

288 1000 508 1077 Κερκυρας
518 1007 725 1094 τιμωρίαν
740 998 890 1060 οὖσαν,
912 1005 950 1055 ὲν
968 1001 1117 1095 ἀπόρῳ
1139 1004 1293 1067 εἴχοντο
1310 999 1554 1056 θέσθαι
1511 1027 1558 1055 το

287 1078 432 1153 παρὸν·
461 1102 540 1130 και
565 1075 858 1150 πέμψαντες’
847 1101 887 1138 ες
913 1075 1149 1143 Δελφους,
1178 1103 1242 1132 τον
1264 1076 1407 1132 θεον’
1395 1101 1556 1175 επηρω-

287 1179 367 1208 των
385 1163 425 1208 εἰ
437 1155 659 1248 παραδοῖεν
676 1148 949 1228 Κορινθίοις
905 1180 975 1216 την
991 1154 1140 1211 πολιν,
1160 1155 1217 1214 ὡς
1234 1158 1460 1213 οἱκισταις,
1477 1177 1557 1207 και

286 1237 487 1304 τιμωρίαν
504 1254 599 1284 τινα
621 1231 819 1305 πειρῷντ
827 1232 912 1283 απ’
931 1254 1066 1284 αυτων
1086 1231 1330 1285 ποιεῖσθαι.
1357 1235 1377 1282 ὁ
1408 1231 1448 1282 δ’
1477 1235 1557 1282 αὐ-

286 1332 370 1365 τοις
390 1310 554 1363 ἀνειλε,
574 1307 859 1381 παραὸουναι,
880 1331 958 1360 και
945 1306 1193 1399 ἦγεμονας
1210 1307 1456 1361 masao-&ah
1482 1309 1557 1358 ελ-

288 1383 415 1443 θὸντες
436 1376 484 1437 δε
506 1390 541 1437 οἱ
563 1382 864 1456 Ἐπιδαμνιοι’
852 1406 893 1443 ες
919 1407 989 1446 την
1009 1383 1212 1458 Κόρινθον,
1231 1406 1358 1437 κατα
1373 1406 1419 1436 το
1443 1405 1558 1456 μαν-

289 1544 391 1574 vero
404 1563 418 1582 ‚
438 1531 507 1587 qui
529 1532 571 1572 in
595 1531 694 1574 urbe
712 1541 842 1582 erant,
862 1544 953 1573 cum
981 1531 1031 1572 ab
1053 1530 1127 1572 illis
1154 1541 1443 1586 premerentur,
1461 1530 1562 1572 Cor-

289 1614 456 1654 cyram,
480 1612 525 1642 ut
552 1601 602 1641 ad
630 1599 719 1641 suae
754 1599 937 1642 coloniae
974 1610 1161 1649 matrem,
1193 1598 1343 1653 legatos
1375 1600 1536 1641 mittunt
1549 1630 1564 1651 ,

288 1680 465 1720 orantes,
487 1683 537 1711 ne
559 1669 597 1711 se
623 1670 733 1726 perdi
754 1669 944 1719 smerent;
965 1668 1027 1710 sed
1049 1669 1093 1711 δι
1115 1667 1309 1724 profugos
1329 1667 1401 1709 fibi
1424 1682 1562 1711 recon-

287 1742 487 1791 ciliarent,
521 1742 746 1797 bellumque
781 1741 1039 1782 barbarorum
1078 1738 1249 1781 finirent.
1286 1739 1395 1782 Haec
1429 1750 1562 1781 autem

287 1813 475 1868 supplices
504 1812 545 1853 in
563 1812 727 1853 Iunonis
758 1811 907 1867 templo
930 1801 1102 1851 sedentes
1125 1808 1328 1864 rogabant,
1353 1808 1428 1853 Sed
1452 1808 1562 1850 Cor-

287 1883 421 1936 cyraei
454 1895 588 1938 preces
615 1894 754 1924 eorum
788 1894 870 1923 non
895 1870 1152 1930 admiserunt3
1182 1890 1224 1920 at
1252 1891 1296 1920 re
1318 1877 1461 1921 infesta
1489 1891 1561 1922 eos

287 1950 528 1993 remiserunt.

342 2021 475 2063 XXV.
493 2021 596 2064 Cum
613 2033 743 2064 autem
758 2019 975 2076 Epidamnii
991 2018 1136 2061 nullam
1152 2031 1175 2060 a
1188 2017 1427 2073 Corcyraeis
1441 2031 1560 2076 opem

287 2089 358 2131 fibi
378 2091 495 2133 latam
518 2093 718 2142 viderent,
743 2091 1014 2146 ambigebant,
1035 2103 1209 2146 quonam
1234 2090 1357 2132 modo
1379 2091 1418 2130 in
1448 2102 1559 2145 prae-

287 2157 386 2200 senti
417 2173 547 2201 rerum
573 2161 673 2203 statu
696 2161 736 2203 se
763 2173 896 2216 gerere
926 2160 1119 2201 deberent.
1145 2159 1287 2214 Quare
1312 2158 1446 2215 legatis
1463 2157 1561 2200 Del·

287 2227 390 2283 phos
411 2229 551 2279 miffis,
570 2229 705 2272 Deum
727 2231 1028 2280 consuluerunt,
1051 2244 1102 2272 an
1123 2230 1362 2281 Corinthiis,
1383 2241 1429 2271 ut
1449 2230 1560 2272 colo·

286 2295 374 2337 niae
390 2295 665 2339 deduc-:toribus
675 2329 688 2349 ,
704 2299 844 2340 urbem
859 2298 1059 2347 dederent,
1079 2310 1318 2352 operamque
1339 2296 1495 2347 darent,
1513 2308 1559 2338 ut

289 2364 433 2420 aliquid
455 2366 587 2407 auxilii
605 2367 656 2408 ab
678 2367 755 2409 illis
776 2369 1039 2423 impetrarent.
1067 2367 1136 2409 Ille
1163 2381 1264 2410 vero
1289 2366 1377 2423 ipsis
1401 2366 1561 2422 respon-

288 2433 367 2483 dit,
386 2444 432 2476 ut
453 2434 593 2477 urbem
606 2436 823 2479 Corinthiis
847 2437 1048 2488 dederent,
1068 2435 1214 2491 eosque
1230 2435 1301 2478 fibi
1322 2436 1438 2479 duces
1457 2435 1560 2494 affu-

275 2515 452 2549 merent.
476 2505 693 2563 Epidamnii
718 2520 845 2558 vero,
874 2507 1113 2550 Corimhum
1142 2506 1331 2563 profeffi,
1357 2506 1556 2551 coloniam

1645 2195 1661 2227 *s

1639 2250 1661 2301 ζ

1633 2407 1652 2454 5

1633 2453 1650 2515 2}
1668 2455 1670 2462 ⁴
