1670 3094
273 258 412 295 XLVI
563 244 1258 298 THUCYDIDIS

273 331 480 372 Habebant
507 330 663 384 quidem
690 340 824 383 gentes
846 331 888 371 δι
914 330 1080 372 familiae
1107 331 1174 373 sua
1198 330 1369 387 singulae
1400 341 1546 376 monuss

271 397 425 426 menta:
443 385 546 425 unde
568 384 850 425 Demosthenes
874 386 914 425 in
935 385 1048 426 Orat.
1072 386 1255 428 adversus
1274 388 1544 439 Macaratum,

270 439 310 483 ἐν
338 439 393 490 τῷ
407 435 577 491 μνήματι
592 438 822 479 Βουσελιὲὣν
843 439 991 479 πάντες
1012 439 1045 478 οἱ
1068 441 1146 479 ἀντὶ
1170 439 1239 481 τοῦ
1264 442 1444 482 Βουσέλου
1467 456 1542 496 ‘ye-

267 492 408 545 γὸμενοι
433 492 586 534 κεῖνται.
614 492 687 532 Sed
716 503 848 532 utrum
876 493 953 533 hoc
974 492 1147 547 religiose
1167 495 1265 535 adeo
1286 494 1539 536 observatum

271 542 415 596 fuerit,
444 556 491 587 ut
511 546 703 586 neminem
725 545 854 586 iisdem
885 549 1174 597 monumentis,
1194 548 1263 588 nisi
1286 550 1354 603 qui
1376 549 1544 591 eiusdem

269 601 435 642 familiae
453 599 566 649 effet,
586 598 728 640 inferre
751 600 906 650 liceret,
925 599 1090 641 statuere
1112 613 1195 641 non
1217 601 1351 643 aufim.
1374 604 1546 657 Rutger.

269 655 348 696 stus
379 656 426 695 de
455 654 511 694 rei
540 655 726 702 veritate,
760 665 806 694 ut
831 654 874 694 δε
899 654 946 694 de
970 655 1170 695 validitate
1191 658 1430 709 argumenti,
1459 671 1543 711 quo

270 708 521 751 Marcellinus
548 706 824 759 Thucydidem
858 708 1000 762 probat
1022 708 1205 749 Miltiadis
1235 723 1376 763 genere
1409 711 1546 751 oriun-

269 764 365 804 dum
374 795 386 812 ‚
400 761 644 809 subdubitat,
657 761 763 814 quod
781 760 958 802 Cimonis
972 764 1255 812 monumentis,
1269 764 1540 815 Herodotum,

269 819 340 872 qui
359 817 409 858 ab
428 829 474 856 ea
499 815 643 855 familia
666 815 838 866 alienus,
865 815 1015 857 illatum
1039 815 1138 867 effe,
1163 817 1263 858 idem
1288 817 1353 859 ille
1374 818 1547 864 Marceb

267 873 374 914 linus
392 871 529 911 aanor
549 868 607 909 fit.

327 927 421 978 Pag.
433 925 483 964 X.
503 924 527 963 l.
549 921 585 963 1.'
606 923 800 974 Πολέμων)
814 924 932 964 Hunc
941 922 1163 965 Polemonis
1177 924 1319 965 librum
1330 925 1416 978 περὶ
1435 924 1547 980 ἀκρο-

269 978 421 1020 πόλεως
440 980 531 1019 citat
552 977 777 1017 Athenaeus
807 977 834 1017 l.
860 991 903 1017 11
934 977 978 1017 &
1004 990 1071 1031 13,
1092 990 1135 1018 ut
1156 979 1200 1019 &
1222 979 1361 1019 Strabo
1380 980 1403 1020 l.
1459 1011 1470 1030 ,
1501 980 1544 1022 &

270 1033 562 1088 Harpocration
597 1032 637 1071 in
669 1034 816 1082 Νεμέας
841 1031 1047 1084 χαράδρα..
1082 1032 1183 1073 Vide
1207 1033 1368 1073 Meurfii
1432 1047 1546 1075 ecro-

269 1089 374 1142 piam
389 1119 401 1138 ,
426 1101 460 1127 c.
487 1101 521 1126 2.
550 1084 605 1124 '‘l.
634 1099 669 1125 2.
694 1085 760 1125 καὶ
781 1090 844 1126 &so
861 1086 880 1104 ⁴¹
894 1082 1001 1135 αὖτῷ
1014 1084 1278 1138 γεγενῆσθαι)
1295 1087 1360 1127 καὶ
1373 1088 1545 1137 Τιμόθεον

269 1142 347 1183 υἱὶν
377 1137 482 1190 αὐτῷ
508 1136 752 1192 ’γεγενῆσθαι
767 1169 779 1188 ,
811 1151 901 1179 cum
938 1137 1174 1180 casaubono
1206 1140 1283 1192 (&
1315 1140 1542 1195 Stephano)

267 1196 475 1249 legendum
500 1192 651 1233 censeo.
676 1192 815 1233 Filium
842 1194 949 1234 enim
978 1193 1201 1246 Thucydidi
1223 1193 1354 1243 fuisse,
1384 1196 1451 1248 qui
1470 1195 1545 1237 Ti-

269 1247 768 1302 motheusappellabatur,
790 1246 943 1286 constat
964 1259 1015 1286 ex
1035 1247 1151 1288 Suida
1172 1278 1185 1294 ,
1212 1249 1252 1288 in
1272 1261 1376 1289 voce
1394 1255 1546 1289 Θουκυ-

269 1303 400 1344 ἒίὲύς.
427 1303 449 1323 ⁴*
462 1303 486 1342 l.
511 1316 545 1355 3.
570 1301 586 1340 ὃ
608 1300 654 1340 st
666 1300 903 1354 Ἕρμιππος)
917 1300 1062 1341 Forsan
1077 1302 1119 1342 δι
1139 1302 1200 1343 hic
1213 1303 1374 1357 Hermip
1404 1316 1450 1343 us
1467 1304 1546 1351 βω.

268 1357 435 1412 γράψας,
453 1357 567 1397 cuius
583 1353 734 1409 saepius
746 1355 923 1394 meminit
934 1354 1133 1408 Diogenes
1144 1357 1344 1405 Laertius,
1425 1370 1545 1411 quem

268 1413 345 1467 (ut
365 1409 494 1466 puto)
526 1410 656 1450 laudat
683 1408 870 1463 Iosephus
892 1409 916 1448 1.
949 1423 965 1447 1
1000 1420 1139 1449 contra
1162 1409 1409 1464 Appionem‚
1440 1410 1544 1453 hisce

268 1466 426 1507 verbis:
455 1464 595 1503 Πολλοὶ
619 1462 666 1502 st
697 1463 764 1511 καὶ
792 1463 879 1516 περὶ
907 1459 1021 1503 αὐτὸν
1042 1460 1284 1517 ἱστορήκασι,
1311 1465 1377 1505 καὶ
1400 1464 1544 1506 τούτων

268 1517 559 1572 ἔπισημὸταιτός
591 1517 693 1557 ἐστιν
709 1511 941 1570 Ἕρμιππος,
977 1516 1066 1570 ἀνὴρ
1099 1517 1185 1571 περ)
1213 1516 1346 1559 πᾶσαν
1376 1517 1543 1572 ἱστορίαν

269 1570 466 1625 ἐπιμελής.
491 1571 555 1612 De
575 1571 648 1611 hac
667 1570 871 1625 Hermippi
891 1571 1078 1624 opinione
1100 1575 1246 1625 (quam
1268 1570 1398 1612 firmat
1410 1572 1542 1614 Schol.

269 1627 456 1680 Thucyd.
471 1626 519 1666 ad
538 1625 582 1675 Ι,
606 1625 685 1678 20)
700 1625 792 1665 vide
809 1637 914 1678 quae
935 1624 978 1664 su
1007 1637 1050 1664 ra
1070 1626 1307 1666 monuimus.
1326 1626 1382 1666 ⁸l.
1395 1625 1542 1674 481oe-

269 1682 422 1735 φθονεῖν)
437 1679 601 1720 Reffius
613 1677 740 1719 forsan
753 1677 949 1728 διαφωνεῖν
978 1679 1212 1720 cribendum.
1243 1678 1298 1720 *L
1315 1681 1353 1721 6.
1367 1679 1544 1733 λέγονται

270 1733 342 1790 ὦς)
355 1736 456 1777 Vide
467 1733 652 1785 Thucyd.
668 1745 734 1783 Vl,
752 1746 799 1786 54
811 1731 866 1786 sq.
893 1731 916 1752 '⁵
928 1733 952 1771 l.
966 1747 1003 1786 9.
1018 1731 1209 1774 Enxvr‘tffc
1223 1728 1332 1788 ὅλης)
1353 1738 1543 1776 Σκαπτη-

268 1791 389 1831 σύλης
414 1788 520 1828 malit
545 1789 617 1828 Ae.
643 1786 746 1828 Port.
768 1799 860 1826 nam
883 1786 1151 1828 Σκαπτησὺλη
1173 1787 1311 1828 dicitur
1341 1787 1543 1843 Stephano

268 1845 358 1896 περὶ
380 1843 548 1891 πόλεων,
571 1841 613 1881 &
636 1841 782 1880 Latinis
807 1844 881 1893 (ut
905 1839 1018 1880 Festo
1046 1840 1088 1881 &
1117 1841 1326 1893 Lucretio)
1358 1842 1544 1896 Scapten-

269 1898 358 1950 syla
386 1899 429 1939 δι
452 1894 687 1950 Scaptesyla.
710 1893 940 1935 Marcellino
958 1904 1088 1934 tamen
1103 1894 1238 1936 nostro
1256 1895 1315 1935 bis
1341 1895 1466 1937 adhuc
1485 1896 1547 1936 di-

271 1951 366 1992 vifis
389 1951 503 2005 plane
521 1950 690 1990 vocibus
710 1948 886 1989 scribitur
900 1979 913 1998 ‚
936 1948 1034 1989 adeo
1063 1958 1109 1988 ut
1131 1948 1338 1990 verisimile
1364 1962 1447 1990 non
1471 1949 1543 2000 fit,

269 2007 392 2046 toties
419 2004 562 2044 librarii
584 2003 775 2043 calamum
803 2001 1027 2064 aberrasse,⁸
1042 2003 1149 2056 quod
1169 2003 1212 2043 δι
1242 2013 1352 2044 extra
1380 2016 1542 2044 omnem

271 2057 582 2101 controversiam
613 2058 727 2111 ponit
761 2056 990 2097 Plutarchus
1017 2068 1059 2095 m
1087 2056 1284 2150 Cimonegi
1301 2071 1348 2152 ξ.
1370 2057 1450 2107 480
1481 2057 1543 2099 ed.
1612 2097 1615 2101 ,
1667 2051 1670 2054 ⁴

1328 2122 1367 2151 te

269 2111 454 2154 Francos.
477 2112 519 2152 &
541 2111 588 2151 de
608 2110 765 2160 exfilio,
789 2124 827 2164 p.
849 2112 940 2165 605.
963 2109 1216 2165 (Holstenius
1235 2123 1259 2150 a
1395 2110 1542 2152 hanum

270 2181 315 2208 v.
336 2164 626 2218 Σκαπτησύλη)
652 2164 717 2204 De
741 2163 963 2218 Scaptesyla
992 2162 1072 2204 fuse
1093 2165 1323 2205 Vincentius
1383 2176 1543 2206 ontare-

263 2227 348 2263 'nus
369 2221 434 2261 lib.
460 2232 544 2260 var.
566 2218 669 2258 Le&
691 2232 724 2259 c.
751 2233 800 2272 29
815 2249 827 2266 ‚
849 2232 887 2271 p.
920 2217 1004 2256 116.
1033 2217 1208 2270 (Pinedo
1236 2218 1284 2259 ad
1301 2218 1540 2272 Stephanum

273 2290 316 2316 v.
332 2272 597 2314 Σκαπτησὺλη
619 2272 731 2321 dicit,
749 2273 789 2311 in
806 2271 1012 2311 Plutarcho
1034 2284 1239 2326 perperam
1267 2271 1344 2326 legi
1366 2273 1540 2315 Σκαπτὺ

270 2326 358 2371 iim.
385 2329 479 2369 Non
504 2326 623 2379 magis
644 2326 696 2365 ibi
719 2338 921 2379 perperam
942 2325 1104 2377 legitur,
1126 2338 1245 2379 quam
1266 2326 1306 2365 in
1331 2326 1543 2368 Herodoto

274 2384 362 2429 VI,
388 2383 458 2432 46,
481 2382 523 2421 δι
546 2378 818 2434 Theophrasto
839 2378 886 2418 de
912 2378 1126 2432 lapidibus,
1154 2391 1205 2419 ex
1233 2378 1420 2420 sententia
1441 2380 1543 2421 Leo·

273 2437 405 2493 pardi,
426 2440 479 2489 (a
495 2447 574 2489 qua
586 2444 715 2473 tamen
733 2431 890 2473 disceffit
902 2431 1082 2472 Heinsius
1093 2463 1106 2480 ,
1123 2433 1163 2472 in
1177 2433 1290 2472 cuius
1307 2433 1397 2472 edit.
1408 2433 1543 2474 Theo-

276 2490 419 2547 phrasti
432 2502 518 2544 pag.
538 2501 608 2542 393
625 2487 679 2527 est
691 2485 980 2535 Σκαπτησύλη)
1001 2486 1070 2538 qui
1088 2486 1186 2526 haec
1206 2486 1296 2526 loca
1312 2486 1390 2527 Vll
1404 2486 1543 2528 Emen-

275 2546 426 2589 dation.
448 2557 501 2589 20
517 2542 724 2592 indicavit,
744 2553 816 2584 nec
831 2552 914 2582 non
927 2538 1128 2581 Eustathio
1149 2540 1198 2581 ad
1209 2539 1453 2595 Dionysium
1475 2554 1545 2597 pez
