1670 3094
312 185 405 235 292
518 166 1410 215 ANNOTATIONES.

357 254 508 310 Ἀνδρος
525 255 594 297 τοῦ
612 256 720 298 κλέος
744 252 824 310 εὐρὺ
843 259 934 297 καθ’
953 255 1126 296 Ἐλλάδα
1139 286 1150 306 ,
1175 256 1242 297 καὶ
1261 256 1380 308 μέσον
1389 256 1550 313 Ἀργος

302 310 416 351 latius
433 324 532 351 vero
550 311 642 351 illud
661 324 730 366 per
755 311 876 352 multa
893 311 1018 352 secula
1041 323 1121 352 non
1143 311 1346 351 extensum
1368 309 1466 352 fuit:
1487 313 1576 353 Ho-

302 378 433 405 merus
459 365 562 405 enim
584 378 654 405 eos
672 363 797 414 solos,
819 366 890 419 qui
908 364 979 405 sub
1006 365 1157 406 Achille
1178 365 1226 405 ad
1247 365 1410 406 Troiam
1437 365 1578 406 milita·

303 429 469 468 verant,
492 418 675 459 Hellenes
697 430 841 468 vocat,
867 432 968 473 quos
989 420 1171 473 antiquae
1192 417 1311 460 solius
1331 418 1501 460 Helladis
1517 421 1578 460 in-

302 473 409 515 colas
433 471 541 513 fuiffe
563 471 693 512 iisdem
714 472 889 513 verfibus
910 473 962 514 s1c
985 473 1161 513 testatur:

357 523 442 567 0‘1'7’
468 522 579 578 εἶχον
609 525 740 575 Φθίην,
763 524 826 567 {w
852 525 1027 568 Ἕλλέιὲα.
1055 525 1378 581 καλλιγΰνοιικοι,

358 579 596 633 Μυρμιὸόνες
623 578 663 619 ‹9'
694 579 915 628 ἐκαλοῦντο,
944 580 1011 620 καὶ
1032 575 1228 630 Ἕλληνες,
1255 582 1323 621 καὶ
1349 580 1519 634 Ἀχαιοί,

303 634 456 675 Omnes
473 646 574 674 vero
595 633 770 674 Graecos
789 634 828 673 in
846 644 934 674 toto
957 633 1028 674 suo
1048 638 1227 687 poemate
1247 647 1448 690 nunquam
1467 648 1576 676 com*

302 689 415 728 muni
438 688 599 727 nomine
616 679 823 737 “maman
849 686 911 728 sed
937 687 1150 742 Ἀργείους,
1177 689 1243 728 καὶ
1268 688 1479 741 Ἀχαιοὺς,
1509 689 1577 730 καὶ

304 740 480 782 Δαναοὺς
504 752 720 794 nuncupat:
751 751 868 794 atque
898 741 988 781 ideo
1010 741 1253 795 Thucydidis
1280 741 1335 782 est
1364 742 1548 784 sententia
1565 775 1578 792 ,

301 795 469 836 Homeri
490 796 604 834 etiam
626 806 749 835 aetate
771 794 876 836 solos
900 794 1105 836 Thessalos
1129 795 1182 836 fic
1202 795 1357 846 audire,
1375 810 1426 838 eo
1450 799 1577 838 nomi-

304 863 356 890 ne
374 848 510 890 ceteris
533 848 720 889 Graeciae
747 850 899 903 populis
929 850 1103 889 nondum
1129 851 1446 891 communicato:
1470 851 1579 905 quod

302 903 419 943 etiam
445 903 607 943 ulterius
642 903 804 956 probat,
833 905 926 957 quia
959 916 1030 944 nec
1058 903 1160 958 apud
1189 916 1279 944 eum
1374 907 1475 944 “tam
1502 905 1579 946 ’τῶν

303 957 499 1011 βαρβάρων
519 955 728 1011 appellatio
752 957 916 1011 usquam
938 968 1139 1008 occurrat,
1160 958 1294 1012 (oppo
1311 968 1365 998 ita
1383 969 1513 999 autem
1535 960 1579 1001 δι

301 1011 423 1052 relata
438 1010 524 1051 sunt
543 1011 727 1065 βάρβαρος
742 1011 810 1051 καὶ
823 1004 972 1059 Ἕλλην,
991 1014 1035 1051 το
1054 1012 1298 1066 βαρβαρικὴν,
1317 1012 1383 1052 καὶ
1397 1014 1442 1051 το
1454 1011 1579 1054 Ἔλλη-

303 1067 421 1120 νικον)
444 1064 474 1104 fi
499 1078 594 1119 ergo
622 1065 809 1106 barbaros
829 1066 1026 1119 ignoravit
1047 1066 1246 1106 Homerus
1266 1065 1314 1106 de
1335 1066 1470 1107 ceteris
1487 1079 1578 1120 gen—

302 1121 410 1161 tibus
424 1151 436 1169 ,
462 1132 563 1173 quae
596 1118 770 1160 Graecae
797 1132 879 1160 non
909 1117 1051 1168 effent,
1080 1132 1152 1160 nec
1182 1118 1363 1160 Hellenes
1389 1120 1503 1161 novit
1531 1121 1580 1163 de

304 1174 491 1215 omnibus
515 1173 688 1214 Graecis.
713 1173 787 1214 Sed
811 1172 982 1227 utrisque
1009 1173 1069 1213 his
1099 1173 1346 1226 Thucydidis
1373 1184 1582 1228 argumen-

302 1229 351 1274 tis
369 1228 535 1282 opponit
554 1226 678 1267 Strab.
699 1226 764 1267 lib.
787 1227 812 1267 8
824 1257 835 1276 ‚
859 1228 986 1281 primo
1003 1226 1216 1268 Hesiodum
1232 1228 1275 1268 δι
1295 1225 1579 1270 Archilochum

306 1281 518 1322 meminisse
537 1277 781 1323 Πανελλήνων
793 1312 805 1330 ,
823 1282 870 1321 de
889 1281 1048 1322 Graecis
1073 1279 1285 1329 univerfis,
1304 1280 1472 1323 secundo
1495 1284 1582 1324 Ho-

297 1350 401 1376 mer.
428 1335 471 1376 ll.
498 1335 547 1382 β’,
568 1349 611 1375 ν.
634 1334 713 1386 867
739 1334 1037 1388 βαρβαροφώνους
1063 1335 1217 1376 vocasse
1237 1336 1323 1376 τοὺς
1349 1337 1487 1388 Κᾶρας.
1507 1337 1581 1378 Sed

304 1391 420 1431 huius
457 1388 639 1444 postremi
669 1390 884 1442 argumenti
916 1389 1001 1430 vim
1033 1388 1122 1430 satis
1151 1388 1269 1430 eludit
1298 1388 1376 1443 ipse
1406 1390 1548 1431 Strabo
1567 1422 1579 1441 ‚

304 1445 399 1485 dum
413 1474 425 1493 ‚
451 1457 551 1497 quae
575 1443 665 1482 alibi
687 1443 826 1493 habet,
851 1443 938 1483 satis
965 1444 1157 1494 innuunt,
1181 1443 1302 1484 Cares
1323 1443 1373 1483 ab
1397 1445 1579 1486 Homero

303 1511 388 1540 non
420 1496 590 1551 generali
616 1498 799 1547 nomine,
830 1497 874 1538 &
913 1497 1094 1538 omnibus
1123 1497 1207 1538 aliis
1239 1496 1417 1550 gentibus
1429 1524 1443 1545 ,
1477 1511 1579 1552 quae

304 1552 482 1594 Graecae
508 1563 591 1591 non
621 1549 773 1592 fuerant
788 1582 800 1601 ,
826 1551 1051 1601 communi,
1076 1551 1139 1591 sed
1171 1551 1393 1606 particulari
1422 1552 1466 1593 δι
1485 1566 1577 1607 pro-

307 1608 398 1661 prio
412 1637 424 1656 ,
440 1606 546 1660 quod
565 1605 737 1659 linguam
762 1604 951 1646 Graecam
972 1606 1072 1645 male
1095 1604 1422 1659 pronuntiassent,
1443 1604 1580 1647 secun·

303 1662 399 1701 dum
426 1660 540 1702 vocis
573 1658 890 1714 significationem
922 1660 1120 1713 antiquam
1149 1661 1194 1701 δι
1224 1660 1345 1713 magis
1379 1661 1580 1714 propriam

302 1713 608 1769 βαρβαροφώνους
635 1713 829 1768 appellari.
855 1713 940 1754 Nec
970 1713 1100 1767 quoad
1123 1713 1349 1754 Archilochi
1369 1712 1581 1755 auetorita-

302 1779 385 1810 tem
405 1753 510 1809 vallet
538 1768 708 1822 primum
737 1776 1033 1821 argumentum,
1053 1768 1146 1821 quia
1178 1767 1244 1808 ille
1272 1767 1452 1808 Homero
1483 1768 1581 1809 mul-

303 1833 349 1863 to
377 1823 572 1863 recentior
595 1833 698 1863 erat:
729 1834 820 1863 cum
845 1834 947 1862 vero
968 1821 1163 1862 Hesiodus
1184 1820 1392 1862 secundum
1411 1821 1580 1863 Chroni-

304 1890 384 1917 con
404 1877 598 1916 Marmor.
625 1876 666 1916 δι
686 1874 892 1930 plerosque
921 1875 1017 1915 alios
1049 1876 1228 1916 Homero
1253 1874 1442 1916 vetustior
1463 1875 1580 1926 ess'et,

302 1930 334 1970 si
359 1944 408 1971 ex
438 1929 611 1971 Hefiodo
638 1929 831 1984 probasset
854 1929 956 1970 illius
982 1932 1122 1983 poetae
1143 1929 1383 1985 temporibus
1405 1929 1580 1971 Graecos

332 1984 474 2025 enerali
513 1984 673 2024 nomine
691 1980 875 2024 Ἔλληνιις
894 1994 1062 2024 vocatos
1088 1982 1221 2032 fuiffe,
1249 1981 1397 2024 viciffet
1425 1983 1577 2025 Strabo.

303 1997 379 2078 §ed
404 2036 562 2078 Hefiodi
588 2037 730 2087 verba,
753 2050 854 2092 quae
879 2047 1020 2077 contra
1043 2037 1319 2090 Thucydidem
1342 2035 1476 2086 affert,
1499 2038 1577 2079 hoc

304 2104 387 2132 non
421 2092 602 2146 probant.
623 2105 670 2132 ea
688 2091 790 2132 enim
810 2091 905 2132 haec
932 2091 1043 2141 sunt,
1066 2093 1129 2132 τὶν
1152 2090 1221 2142 μὲν
1245 2090 1415 2145 (scilicet
1437 2091 1578 2132 Hesio-

304 2145 431 2196 dum)
455 2147 541 2199 περὶ
576 2144 651 2186 τῶν
691 2144 893 2199 Προιτίέων
925 2145 1093 2199 λέγοντα.
1125 2140 1173 2185 ὦς
1195 2143 1432 2185 Πανέλληνες
1464 2143 1579 2196 ἐμνή-

304 2213 433 2240 στευον
455 2194 604 2248 αὐτὲις,
630 2200 656 2238 i.
679 2213 712 2239 e.
740 2198 955 2240 Hesiodum
980 2199 1028 2240 de
1059 2196 1296 2241 Proetidibus
1320 2196 1469 2245 dixiffe,
1491 2200 1580 2239 uni-

303 2253 440 2294 versos
465 2252 643 2294 Graecos
677 2266 810 2294 earum
842 2253 1036 2294 connubia
1065 2251 1276 2293 ambivifl'e.
1310 2251 1416 2304 Quis
1448 2263 1579 2293 autem

303 2307 368 2348 hic
393 2307 600 2360 probatum
626 2307 732 2347 videt
745 2337 759 2356 ,
786 2305 944 2347 Hesiodi
964 2307 1205 2376 temdporibus
1228 2317 1366 2346 omnes
1389 2304 1580 2348 Graeciae

302 2361 474 2412 incolas,
497 2373 579 2402 uno
608 2362 807 2402 communi
835 2361 1014 2409 nomine,
1050 2365 1220 2401 Ελληνοις
1245 2359 1454 2414 appellari?
1479 2365 1580 2401 Ποιν·

303 2414 455 2456 έλληνες
470 2416 572 2456 enim
590 2427 670 2455 non
691 2427 828 2455 omnes
847 2427 919 2454 eos
943 2412 1152 2468 significat,
1171 2413 1239 2468 qui
1263 2414 1464 2467 regionem
1483 2412 1579 2468 post-

303 2482 350 2510 ea
383 2468 554 2510 Ἑλλάέα.
580 2468 718 2510 ὥξὶειιη
748 2468 990 2519 incolebant,
1020 2466 1083 2510 sed
1110 2468 1178 2523 qui
1200 2478 1295 2511 tunc
1325 2466 1506 2509 Hellenes
1528 2468 1582 2510 di-
