1670 3094
297 178 395 229 286
502 173 1375 226 'ANNOTATIONAES

295 267 377 307 -tius
391 265 567 321 speciata.
588 266 689 306 Nam
708 266 875 321 primum
896 265 1076 307 universe
1095 267 1170 307 ait:
1190 266 1276 321 ὃρᾶῑν
1302 270 1347 309 τὶ
1368 264 1466 310 ἄλλο
1487 268 1569 312 'Em

299 323 445 362 ληνικὶν
464 319 734 373 ξυνιστάμενον
756 323 847 372 ’πρὸς
876 318 1094 373 ἑκατέρους,
1117 334 1238 362 ceteros
1262 323 1412 364 Graecos
1423 326 1463 377 fi
1483 340 1568 365 con-

298 376 396 428 iungi
415 390 490 415 cum
507 373 828 426 alterutriswidiffe.
849 373 942 413 Inde
962 373 1031 414 sub
1049 374 1119 414 hac
1139 376 1306 428 generali
1327 377 1568 432 complexio-

298 441 351 469 ne
370 427 593 469 subsumens
612 428 708 468 alios
732 427 879 476 statim,
906 427 982 480 (ut
1000 427 1174 469 subditos
1197 430 1239 469 &
1258 429 1383 471 socios
1406 431 1569 472 manife-

299 481 381 523 stos
405 481 604 535 utriusque
625 481 768 535 partis)
789 480 884 520 alios
905 480 992 534 post
1012 481 1180 535 aliquam
1200 484 1512 527 deliberationem
1530 485 1571 525 id

299 534 430 577 fecifl'e
461 537 523 575 ait.
554 535 680 587 Quod
705 544 834 574 autem
856 535 909 573 H.
945 534 1162 588 Stephanus
1185 548 1294 598 putat
1314 569 1326 587 ,
1353 538 1439 580 illos
1467 551 1570 592 quo-

301 602 403 642 que,
422 590 490 642 qui
508 588 546 628 se
566 588 691 627 statim
709 587 1000 636 coniunxerint,
1018 588 1105 642 post
1122 589 1435 632 deliberationem
1457 592 1494 631 id
1515 591 1574 632 fe-

299 642 418 692 ciffe,
435 644 513 683 hoc
534 655 611 695 ego
632 653 746 694 nego.
770 639 1041 681 Deliberamus
1066 642 1172 682 enirn
1193 645 1276 697 περὶ
1304 643 1376 685 τῶν
1402 646 1460 696 ἐφ’
1480 643 1571 696 ἡμῖν

303 695 511 750 πρακτῶν,
531 706 576 735 ut
598 693 825 735 Aristoteles
849 694 924 744 ait,
950 695 996 734 de
1017 708 1060 734 re
1079 696 1226 750 integra
1247 697 1442 752 nostrique
1468 698 1573 739 arbi·

303 751 382 789 trii.
408 749 488 789 Iam
515 748 679 803 pristinis
697 747 895 801 utriusque
906 749 1040 840 fpartis
1063 747 1187 799 sociis,
1210 749 1350 792 Atticis
1374 753 1572 807 inprimis,

305 804 466 843 minime
484 804 631 856 integra
653 801 884 843 consultatio
923 803 1003 849 uit,
1026 812 1136 843 utros
1162 803 1268 858 sequi
1288 805 1453 847 vellent:
1473 807 1574 846 mul-

305 858 337 896 ti
356 859 459 898 enim
476 857 597 906 alios,
611 855 640 895 s1
663 857 830 896 liberum
851 856 904 896 eis
919 854 1069 905 fuisset,
1087 855 1216 897 socios
1240 858 1466 913 delegissent.
1489 860 1575 900 Un-

307 911 356 951 de
379 911 426 952 de
444 911 502 951 his
524 911 576 950 ait
589 909 864 962 Thucydides,
881 922 949 949 eos
965 911 1144 963 protinus
1165 923 1254 951 cum
1272 911 1465 954 alterutris
1480 926 1577 954 con-

309 965 467 1005 iunftos
480 963 607 1005 fuiss‘e.
631 963 790 1017 Quibus
807 975 907 1003 vero
929 962 1046 1003 libera
1064 963 1296 1005 consultatio
1319 964 1415 1016 fuit,
1430 965 1460 1006 fi
1479 980 1576 1021 pau-

306 1018 350 1059 lo
373 1018 458 1074 post
473 1018 581 1058 alteri
603 1019 702 1072 parti
718 1015 988 1058 adhaeserunt:
1006 1028 1052 1058 ut
1070 1031 1120 1058 ex
1137 1016 1240 1059 libro
1266 1018 1435 1060 secundo
1455 1033 1505 1074 ap
1533 1033 1578 1060 a·

308 1084 394 1121 ret,
419 1073 487 1113 ubi
511 1071 635 1113 socios
666 1070 868 1124 utriusque
897 1071 1014 1126 partis
1046 1083 1278 1113 enumerans
1305 1073 1490 1127 Thucydi
1513 1087 1578 1125 es,
1597 1104 1606 1116 .

310 1126 562 1167 Athenienses
586 1128 627 1166 in
653 1125 900 1177 Zacynthum
913 1157 928 1175 ,
959 1124 1272 1178 Cephalleniam,
1298 1119 1551 1168 Acarnaniam
1565 1159 1579 1178 ,

310 1181 460 1234 legatos
471 1179 660 1221 societatis
669 1178 857 1233 petendae
867 1177 982 1219 causa
992 1177 1143 1227 mififfe,
1153 1181 1217 1220 ait.
1228 1179 1327 1222 Item
1343 1193 1394 1222 ex
1412 1181 1579 1223 Achaeis

311 1237 441 1290 primo
462 1234 565 1274 solos
592 1231 824 1274 Peuenenses
849 1232 1172 1273 Lacedaemonios
1201 1233 1354 1275 secutos
1385 1236 1458 1286 ait,
1489 1236 1579 1276 inde

312 1287 529 1330 universos.
552 1287 734 1328 Aeacius.
756 1284 893 1327 Huns.
919 1287 1030 1327 Haec
1051 1299 1134 1327 non
1160 1287 1344 1329 videntur
1373 1289 1579 1330 maximam

313 1344 400 1384 vim
414 1342 554 1382 habere
574 1342 622 1382 ad
639 1340 883 1382 refellendam
900 1338 1122 1380 sententiam
1141 1341 1336 1396 Stephani,
1353 1355 1444 1384 cum
1462 1343 1582 1397 parti-

315 1397 418 1450 cipio
434 1394 689 1447 διανοούμενον
710 1394 943 1447 iungendum
955 1393 1030 1434 effe
1051 1393 1285 1436 infinitivum
1302 1394 1579 1449 ξυνίστωρ-5ου,

315 1465 340 1492 e
362 1450 602 1505 praecedenti
625 1447 892 1501 ξυνιστάμενον
917 1447 1135 1502 repetitum.
1153 1449 1255 1489 Nam
1277 1448 1308 1489 fi
1332 1449 1476 1491 Graeci
1501 1450 1581 1500 illi,

316 1505 388 1559 qui
408 1503 467 1544 sui
488 1504 582 1544 iuris
603 1503 646 1543 &
662 1502 806 1542 arbitrii
828 1511 936 1542 erant
949 1532 961 1551 ,
975 1499 1013 1541 se
1029 1502 1163 1542 deinde
1182 1515 1272 1543 cum
1293 1503 1475 1544 alterutra
1491 1517 1582 1566 par-

317 1570 358 1600 te
379 1558 690 1606 coniunxerunt,
705 1568 778 1597 cur
808 1555 856 1596 de
874 1555 932 1596 his
949 1555 1021 1596 dici
1038 1568 1122 1597 non
1169 1555 1280 1606 offit,
1302 1555 1387 1610 ὁρῶν
1409 1559 1455 1598 ‘rb
1478 1558 1582 1598 ἄλλο

318 1612 524 1653 Ἑλληνικὴν
546 1611 801 1661 διανοούμενον
826 1608 1110 1650 cvvn'cwozai‘?
1156 1623 1251 1665 aepe
1271 1611 1388 1652 etiam
1419 1610 1504 1652 aliis
1523 1611 1585 1652 lo-

316 1668 373 1709 cis
388 1667 476 1761 liscff.
501 1679 622 1760 g6enus
644 1663 818 1719 ellipseos
843 1663 946 1717 apud
969 1663 1240 1717 Thucydidem
1268 1666 1452 1706 occurrit.
1475 1666 1581 1706 Vide

320 1723 371 1763 ad
573 1749 583 1759 .

375 1776 458 1815 ibid.
479 1734 657 1827 ἦΊεξίο-τη
678 1770 749 1825 831)
772 1769 828 1811 Δὺ
850 1770 1077 1812 coniunffio
1096 1781 1175 1811 tam
1195 1770 1445 1826 completiva,
1465 1785 1584 1826 quam

322 1828 597 1871 confirmativa
627 1826 844 1874 invenitur,
873 1836 919 1866 ut
951 1825 1079 1879 inquit
1105 1824 1313 1866 Priscianus
1345 1825 1390 1866 L.
1422 1825 1584 1876 XVIII,

323 1898 363 1938 p.
390 1897 405 1922 1
418 1896 514 1934 170,
536 1882 639 1922 hunc
661 1880 794 1920 locum
810 1880 943 1919 citans.
972 1878 1083 1919 Alibi
1104 1880 1221 1919 etiam
1245 1878 1374 1920 Schol.
1394 1878 1584 1928 nostem&

325 1937 372 1977 δὲ
394 1936 443 1978 sn}
466 1935 951 1989 συμπαραπληρωμοιτικὸς
973 1931 1134 1986 αὔξησιν
1158 1932 1282 1974 suaet.
1301 1933 1439 1974 HUDS.
1459 1933 1587 1974 Scho-

323 1990 447 2031 liastes
470 1988 734 2043 Aristophanis
747 2017 758 2032 ..
782 1986 831 2027 Σὺ
854 1986 1050 2040 μεγίστη,
1076 1986 1119 2027 &
1137 1989 1506 2039 συμπληρωματικδν
1532 1987 1586 2026 ait

323 2044 422 2090 effe,
441 2056 485 2084 ut
499 2044 628 2092 ,Ὅσοι
647 2041 699 2083 δὴ
719 2039 924 2094 ἓέέηγμοιι
945 2039 1012 2080 τὸν
1035 2039 1202 2092 ἐμαυτοῦ
1225 2039 1396 2094 mpsim.
1417 2039 1589 2080 Acharn-

331 2112 366 2139 1.
394 2100 541 2139 WAss.

382 2154 457 2191 ead.
483 2152 506 2189 l.
530 2163 562 2201 3.
577 2149 662 2189 Ἐπὶ
683 2147 870 2189 πλεῖστον
892 2145 1325 2208 ἁνθρώπων),(2ῑ18ωνίι3
1341 2146 1469 2200 primo
1482 2143 1589 2200 aspe-

327 2204 396 2246 &u
412 2203 529 2245 leffio
545 2203 705 2256 margini
729 2200 912 2255 adscripta
932 2201 997 2240 ἐπὶ
1025 2213 1214 2240 πλειστων
1239 2210 1364 2254 aptior
1385 2200 1589 2250 videatur,
1660 2227 1663 2229 >

328 2270 458 2299 tamen
491 2256 608 2297 altera
636 2256 769 2310 potius
800 2268 873 2309 pro
903 2267 1083 2306 germana
1109 2253 1282 2294 habenda
1311 2252 1384 2295 est:
1409 2266 1498 2294 cum
1526 2253 1590 2294 alii
1660 2268 1661 2272 ¹

357 2313 502 2365 letique
520 2310 609 2350 -loci
630 2309 851 2357 ostendant,
878 2308 1147 2360 Thucydidem
1179 2306 1256 2347 hoc
1285 2305 1524 2362 superlativo
1548 2307 1591 2347 li·
1650 2329 1659 2363 3

330 2327 469 2407 hemer
488 2365 540 2404 ita
563 2364 631 2404 uti.
657 2363 718 2404 Sic
743 2372 874 2402 autem
895 2361 936 2401 &
964 2362 1065 2415 apud
1088 2359 1257 2413 Dionys.
1288 2361 1481 2402 Halicarn.
1506 2373 1590 2401 non

333 2420 460 2468 illam,
485 2417 549 2459 sed
569 2417 668 2458 hanc
687 2414 834 2470 γραφὴν
858 2415 1055 2455 habemus.
1082 2414 1154 2455 Sed
1184 2415 1275 2468 quid
1299 2415 1346 2455 de
1373 2414 1437 2454 illa
1459 2415 1590 2455 dicen-

334 2475 429 2515 dum
449 2471 504 2514 est
524 2470 734 2527 scriptura,
760 2481 860 2525 quae
882 2469 1094 2524 genitivum
1112 2467 1184 2510 τῶν
1209 2472 1336 2511 αλλων
1359 2480 1448 2510 ante
1461 2467 1591 2523 ἀνθρώ·
