1670 3094
295 172 390 237 3m
501 164 1376 217 ANNOTATIONES

294 257 479 310 κείμενον,
505 257 703 299 docebunt
723 256 814 304 alii,
841 256 911 311 qui
932 255 1022 311 plus
1044 255 1203 307 vident,
1234 270 1352 312 quam
1425 269 1465 298 0.
1492 255 1574 299 Ce-

295 321 382 351 tera
395 342 407 362 ,
430 325 533 366 quae
558 313 662 366 apud
681 325 771 351 eum
790 321 975 366 corrupte
994 311 1197 367 leguntur,
1218 310 1334 353 facile
1353 324 1378 353 e
1438 311 1572 365 hucy-

297 365 382 406 dide
413 365 610 407 emendari
634 364 801 420 poss'unt.
839 411 843 416 .

294 453 296 457 ,
356 420 449 473 Pag.
473 433 532 472 37.
557 422 583 460 l.
609 433 624 458 1
645 418 699 473 sq.
726 417 973 473 Προσοικοῦσι
994 440 1042 451 -
1064 416 1184 470 ἔθνος)
1206 415 1383 462 Priscian.
1402 433 1443 475 p.
1467 429 1566 474 ¹²03

294 472 414 515 habet
431 488 602 526 προσοικ.
623 469 749 514 αὐτόν.
773 475 919 514 WASS.

353 531 428 568 ead.
460 529 484 567 l.
520 540 555 580 3.
583 527 723 566 Φάλιος
753 525 1067 581 Ἐρατοκλείὲοῆ
1096 527 1248 569 Locum
1277 527 1383 568 hunc
1414 526 1572 569 reddere

297 579 513 636 suspectum
532 580 594 620 alii
613 580 787 635 plerique
811 579 992 634 poss'unt,
1010 580 1078 634 qui
1103 591 1194 622 ante
1219 580 1442 622 huiusmodi
1463 583 1573 636 geni-

299 635 427 675 tivum
451 635 598 675 habent
618 633 824 675 articulum
844 633 886 680 ὃ,
910 647 1001 675 cum
1025 647 1107 687 quo
1134 634 1214 675 vste
1237 634 1480 676 subauditur:
1498 649 1573 678 ve-

297 702 387 730 rum
408 687 625 730 omiffionis
646 688 763 728 huius
782 686 999 742 suspicione
1017 687 1180 729 liberare
1196 688 1394 730 librarium
1414 688 1573 744 pofl‘unt

298 741 364 782 alii
390 742 591 791 nonnulli,
614 743 657 782 in
681 742 822 796 quibus
852 741 983 783 itidem
1007 740 1308 796 praetermiffutn
1331 742 1406 785 effe
1429 744 1574 785 articu-

300 796 386 837 lum
410 797 598 838 videmus.
624 795 690 836 De
713 794 888 850 utrisque
910 806 1041 836 autem
1061 796 1103 836 in
1125 796 1279 837 titulum
1304 796 1424 838 huius
1441 799 1574 852 operis

300 850 445 891 dicium
462 849 552 904 fuit.
581 850 733 891 STEPH.
763 849 803 891 A
828 848 963 891 Phalio
987 849 1215 891 Heraclidae
1245 850 1423 892 dicuntur
1442 852 1574 893 condi-

299 915 408 1000 ἔωθε
431 904 648 960 Epidamni.
678 903 843 945 Anthol.
874 903 960 954 111,
989 917 1023 945 1.
1054 902 1230 947 Holsten.
1248 905 1298 946 ad
1320 903 1452 960 Steph.
1470 905 1573 947 Ἐπί-

333 973 360 998 οι
395 973 464 1000 νος.

358 974 436 1053 Ξιᾶ.
457 1014 481 1052 I.
503 1026 542 1063 4.
560 1014 673 1052 Κοιτέι
692 1011 742 1053 <No
765 1013 829 1052 ‘tin‘
847 1012 1020 1053 παλαιὸν
1040 1011 1176 1066 νόμον)
1199 1011 1410 1066 Quaenam
1431 1010 1576 1055 fuerim

301 1066 387 1110 iura
398 1098 412 1117 ‚
431 1081 532 1121 quae
550 1066 731 1108 coloniae
748 1066 963 1120 originibus
981 1065 1057 1106 suis
1075 1066 1287 1114 debebant,
1304 1079 1385 1107 non
1403 1066 1574 1108 alienum

232 1134 234 1136 ·
302 1121 376 1162 erit
399 1122 534 1175 paucis
559 1121 637 1162 hoc
658 1120 750 1161 loco
773 1119 1041 1175 perstringere.
1066 1119 1198 1161 Primo
1220 1121 1339 1176 igitur
1362 1120 1389 1160 ii
1402 1150 1415 1167 ,
1439 1121 1507 1174 qui
1530 1121 1573 1162 in

306 1175 504 1216 coloniam
529 1174 779 1216 mittebantur
791 1206 804 1224 ,
825 1175 945 1215 armis
963 1174 1005 1215 &
1034 1181 1257 1215 commeatu
1277 1187 1301 1215 a
1321 1174 1476 1215 civibus
1497 1173 1576 1216 suis

302 1228 592 1270 instruebantur
610 1229 657 1270 de
675 1228 858 1283 publico,
877 1239 924 1270 ut
949 1228 1063 1269 docet
1082 1227 1263 1269 Libanius
1288 1229 1329 1268 in
1351 1228 1410 1269 Ar
1438 1241 1574 1269 umen-

302 1295 348 1324 to
371 1284 558 1325 orationis
579 1282 874 1332 Demosthenis,
898 1282 984 1335 περὶ
1007 1281 1080 1322 τῶν
1103 1282 1140 1323 ἐν
1159 1281 1380 1337 Χεῤῥονὴσῳ.
1433 1294 1575 1323 taeter-

303 1350 351 1377 ea
372 1338 524 1391 publica
547 1338 592 1378 iis
618 1337 827 1391 diplomata
851 1336 1111 1386 debebantur,
1139 1349 1243 1391 quae
1261 1336 1427 1376 &aalma
1452 1349 1576 1377 voca.

305 1390 400 1431 bant
411 1423 423 1442 ,
438 1391 531 1432 teste
551 1392 752 1446 Hyperide
771 1392 812 1432 in
832 1401 930 1432 orat.
948 1389 1108 1431 Deliaca
1126 1390 1230 1444 apud
1247 1390 1477 1445 Harpocrat.
1498 1388 1574 1431 Sed

303 1446 413 1498 quod
440 1446 690 1500 praecipuum
714 1445 790 1492 est,
817 1443 925 1485 sacra
947 1445 1070 1499 patria
1094 1444 1225 1485 coloni
1246 1442 1374 1485 secum
1399 1443 1575 1499 asporta-

307 1500 426 1549 bant,
448 1501 660 1554 ignemque
688 1498 840 1540 sacrum
870 1512 893 1539 e
916 1498 1102 1552 penetrali
1130 1498 1236 1539 urbis
1258 1497 1503 1552 depromtum
1529 1498 1573 1540 δι

304 1552 519 1595 accensum.
538 1554 649 1608 quod
665 1554 778 1594 docet
797 1553 935 1593 auctor
950 1552 1179 1606 Etymolog.
1200 1552 1241 1592 in
1259 1552 1484 1605 Πρυτανεῖοι.
1503 1552 1575 1606 qui

303 1608 462 1661 quidem
483 1609 580 1662 ignis
601 1607 630 1649 si
656 1606 745 1649 casu
775 1605 982 1647 exstinctus
1002 1605 1116 1655 effer,
1146 1619 1196 1647 ex
1217 1606 1416 1658 Prytaneo
1441 1607 1575 1647 condi-

303 1672 438 1702 torum
462 1663 616 1704 accendi
643 1675 734 1703 eum
751 1661 966 1715 oportebat,
996 1661 1123 1700 Moris
1140 1673 1300 1715 quoque
1315 1670 1420 1706 erat,
1442 1671 1485 1700 ut
1502 1673 1573 1702 co-

302 1715 434 1757 loniae
457 1716 664 1770 quotannis
686 1716 835 1770 legatos
861 1715 901 1755 in
927 1716 1086 1754 maiorem
1110 1714 1265 1768 patriam
1299 1713 1380 1766 (sic
1407 1713 1574 1756 Curtius

301 1770 370 1812 lib.
394 1786 420 1820 4
441 1772 579 1820 verrit,
600 1783 718 1824 quam
748 1768 891 1811 Graeci
910 1767 1144 1821 μητρόπολιν
1169 1767 1326 1822 dicunt)
1350 1768 1574 1820 mitterent,

303 1823 395 1865 Diis
409 1826 542 1886 patriis
562 1824 668 1865 sacra
685 1823 855 1864 faciuros
864 1854 877 1873 ,
894 1833 940 1864 ut
955 1821 1139 1863 testantur
1155 1821 1366 1875 Polybius,
1385 1835 1470 1876 cap.
1494 1836 1509 1862 1
1522 1835 1572 1872 14

302 1878 567 1932 legationum,
588 1878 631 1919 δι
646 1878 807 1919 Curtius
829 1877 893 1917 lib.
913 1893 951 1926 4.
974 1876 1154 1917 Solemne
1178 1876 1295 1917 etiam
1313 1886 1417 1926 erat,
1438 1888 1483 1916 ut
1501 1889 1572 1917 co-

303 1932 434 1974 loniae
457 1933 507 1973 ab
526 1933 741 1987 originibus
762 1930 840 1972 fuis
863 1929 1068 1971 Pontifices
1095 1929 1332 1984 acciperent,
1356 1941 1403 1971 ut
1424 1929 1574 1971 constat

1641 1067 1670 1787 ςψς“ῑ’<ἱ·5ῩΡὶΞ-ιλώψιὲῆδ-ῑαψπῑ,-,,’··“«-
1659 1029 1670 1040 κ.
1661 858 1664 862 -

303 1998 357 2026 ex
376 1986 608 2040 Thucydide
620 2017 633 2036 ,
650 1999 734 2041 cap.
758 1984 961 2039 sequente,
977 1985 1019 2025 δι
1037 1982 1243 2024 Scholiaste
1262 1983 1311 2024 ad
1328 1984 1494 2025 eundem
1515 1983 1574 2024 lo-

303 2052 406 2081 cum.
429 2041 527 2094 quin
550 2042 688 2090 etiam,
702 2039 732 2080 fi
758 2038 966 2093 aliquando
991 2037 1123 2079 coloni
1143 2036 1255 2078 aliam
1277 2037 1474 2079 coloniam
1501 2038 1573 2078 ali-
1646 2038 1670 2087 ss'„

303 2106 390 2147 quo
409 2093 594 2136 deducere
617 2093 787 2144 vellent,
807 2093 929 2133 moris
947 2103 1057 2142 erat,
1082 2103 1127 2132 ut
1149 2091 1288 2132 ducem
1315 2104 1340 2131 a
1356 2093 1482 2131 maiore
1501 2105 1574 2143 pa-
1643 2103 1670 2131 ὴ

301 2148 370 2187 tria
395 2147 654 2200 postularent,
684 2159 730 2188 ut
759 2148 838 2188 hoc
861 2148 901 2186 in
927 2145 1021 2187 loco
1051 2145 1166 2186 docet
1186 2144 1449 2198 Thucydides.
1481 2158 1572 2186 nam
1648 2150 1666 2178 Γ

224 2229 226 2231 ·
303 2200 522 2253 Corcyraei
550 2202 684 2242 coloni
709 2212 817 2242 erant
853 2200 1179 2249 Corinthiorum,
1204 2198 1368 2252 ideoque
1396 2198 1572 2240 Phalium

303 2267 357 2296 ex
384 2255 598 2310 Metropoli
624 2254 856 2296 arceffebant
870 2283 882 2302 ,
909 2266 954 2294 ut
975 2253 1152 2294 coloniae
1175 2251 1430 2306 Epidamnum
1453 2252 1573 2294 dedu-
1658 2250 1660 2255 ⁸

302 2309 446 2350 cendae
466 2309 545 2350 dux
565 2308 668 2350 effet.
687 2308 803 2349 Plura
827 2308 899 2348 hac
926 2308 974 2347 de
992 2320 1036 2348 re
1060 2307 1150 2347 vide
1173 2306 1213 2345 in
1233 2305 1377 2346 Valefii
1399 2307 1501 2346 notis
1522 2307 1572 2348 ad

303 2362 495 2424 Excerpta
516 2362 686 2415 Polybii.
708 2376 795 2416 pag.
822 2376 861 2412 7.
883 2361 1021 2401 Huns.
1052 2360 1148 2400 Add.
1179 2359 1453 2421 Spanhemium
1482 2359 1572 2400 Dis·
1644 2374 1649 2385 ⁶

302 2415 510 2510 {erratione
538 2417 598 2459 lx
626 2417 673 2459 de
702 2415 785 2460 Usu
814 2417 858 2459 δι.
889 2414 1119 2458 Praestantia
1145 2413 1333 2457 Nunusm.
1364 2427 1452 2471 pag.
1497 2426 1573 2471 570

321 2483 410 2525 eqq.
