1670 3094
303 173 394 238 2st
501 162 1463 239 ANNOTATIONES,

301 274 376 315 pro
393 260 566 311 τούτοις,
587 262 625 302 in
648 272 806 316 promtu
824 261 869 302 fit
890 260 1010 312 infra,
1034 260 1133 303 διότι
1153 261 1189 302 ἐν
1213 259 1295 302 τοῖς
1313 260 1448 316 πρώτη
1475 261 1566 316 ἐγέ-

300 330 393 355 νετο.
411 315 454 356 &
476 316 587 367 alibi,
610 316 646 357 ἐν
663 316 742 358 τοῖς
764 316 955 357 πλεῖσται
982 315 1033 358 ser
1052 313 1144 358 νῆες.
1165 316 1249 358 Nec
1270 328 1372 357 vero
1390 315 1457 358 hic
1477 317 1569 357 arti·

299 368 482 411 culorum
499 369 591 411 usus
614 370 729 412 nobis
747 371 867 411 mirus
886 370 1007 412 videri
1025 370 1160 420 debet,
1181 383 1272 411 cum
1290 368 1453 411 sciamus
1466 399 1479 419 ,
1497 385 1570 412 ve-

298 433 422 465 terem
449 423 690 465 Atticismum
710 425 750 465 in
768 424 897 465 multis
919 436 1009 464 cum
1032 424 1162 479 lingua
1181 424 1318 465 Ionica
1343 423 1566 465 affinitatem

300 478 442 518 habere
455 508 468 527 ,
494 491 595 533 quae
620 477 730 533 saepe
763 478 840 518 τοῖς
867 478 954 518 dicit
974 490 1048 532 pro
1079 477 1236 518 τούτοις.
1267 478 1420 519 STEPH.
1451 477 1567 519 Plura

300 531 377 626 hagie
401 532 458 626 dIeI
472 545 515 573 re
542 532 634 574 vide
655 533 695 572 in
724 532 901 586 Append.
925 531 972 572 ad
999 530 1126 587 script.
1149 531 1197 575 al.
1219 532 1268 573 de
1284 531 1388 573 Dial.
1419 531 1504 573 Att.
1528 547 1567 589 p.

304 598 322 627 1
383 615 391 625 .
459 597 556 627 uns.

355 597 448 692 {²03-
476 653 535 679 11.
562 640 587 681 l.
611 653 648 688 4.
669 638 837 680 Χιτῶνάς
862 653 907 679 τε
930 637 1075 688 λινοῦς)
1099 639 1206 681 Inter
1223 638 1296 680 alia
1315 650 1566 694 argumenta,

299 679 442 746 qfiibus
472 693 651 734 nonnulli
674 693 863 748 probant,
887 692 1138 734 Athenienses
1165 692 1240 734 effe
1267 694 1329 734 Ae
1389 695 1565 748 ptiorum

299 747 467 788 colonos
480 778 492 797 ‚
516 748 594 788 hoc
619 761 768 796 unum,
790 747 898 801 quod
921 746 1044 788 vestes
1072 748 1191 788 lineas
1210 760 1320 788 more
1330 707 1459 802 qegy
1487 748 1566 788 tio-

298 813 387 841 rum
408 800 554 855 gestare
579 800 762 842 solebant.
788 802 892 842 Vide
914 801 1125 842 Marshami
1148 800 1300 841 Chron.
1332 815 1371 856 p.
1399 762 1498 853 1οὲ,
1521 801 1565 843 &

299 853 463 896 Meurfii
485 855 698 897 Fortunam
715 856 834 897 Attic.
857 856 883 895 l.
911 869 926 894 1
942 886 953 905 ,
971 869 1015 896 ca
1047 886 1054 894 .
1080 870 1114 896 2.
1134 856 1274 895 Huns.

354 909 437 950 ibid.
460 909 532 950 Κοιὶ
549 909 705 964 χρυσῶν
719 909 910 964 τεττίγων
936 909 1010 950 &c.
1058 909 1152 950 Mos
1170 921 1252 949 erat
1273 907 1564 950 Atheniensium

299 961 402 1016 (scil.
437 974 644 1019 antequam
666 962 875 1019 respublica
894 976 1032 1004 eorum
1059 976 1082 1004 a
1103 963 1250 1004 Solone
1277 963 1564 1018 corrigeretur)

297 1017 461 1071 capillos
481 1019 522 1058 in
545 1019 635 1060 coni
655 1017 818 1073 speciem
840 1017 1032 1067 formare,
1058 1018 1102 1059 &
1129 1017 1309 1071 colligere
1330 1017 1371 1057 in
1395 1018 1565 1058 vertice:

297 1084 416 1125 quam
439 1073 603 1113 crinium
627 1083 768 1113 metam
789 1071 980 1125 τεττίγων
1008 1071 1137 1125 ἑνέρσει
1166 1070 1566 1126 comprehendebant,

299 1135 348 1165 ut
373 1124 411 1167 se
431 1122 694 1181 αὗτόχθονοις,
712 1137 788 1167 aut
814 1127 888 1182 (ut
911 1126 1055 1167 volunt
1077 1125 1169 1175 alii)
1191 1125 1396 1176 μουσικοὺς
1410 1125 1487 1166 hoc
1503 1138 1566 1165 ar-

327 1191 487 1221 umento
508 1182 729 1222 indicarent.
755 1181 831 1222 Hic
859 1181 1086 1242 capillorum
1117 1177 1323 1233 congestus
1343 1179 1566 1220 mulieribus

339 1235 491 1275 omanis
520 1239 637 1289 (nam
672 1234 714 1275 &
746 1235 835 1275 illae
864 1248 989 1275 ermes
1025 1234 1073 1274 ad
1102 1235 1289 1275 verticem
1320 1233 1564 1274 convolutos

298 1287 517 1342 gestabant)
551 1289 773 1330 vocabatur
810 1290 953 1329 Tutulus
967 1319 979 1335 ,
1005 1300 1051 1329 ut
1079 1287 1216 1328 auclor
1251 1286 1305 1327 est
1329 1287 1388 1327 M.
1418 1288 1564 1329 Varro.

298 1343 401 1383 Vide
418 1343 571 1384 Aeliani
589 1357 674 1384 var.
695 1343 792 1384 Hist.
810 1344 835 1383 1.
853 1358 878 1391 4
889 1375 900 1391 ‚
911 1355 995 1397 cap.
1014 1357 1078 1391 22,
1095 1342 1137 1382 δι
1155 1341 1302 1382 Kuhnii
1315 1351 1451 1390 notas3
1468 1342 1568 1383 Bro-

296 1396 436 1437 daeum
462 1398 502 1437 in
522 1397 759 1452 Epigramm.
797 1396 822 1438 l.
846 1397 894 1446 6,
930 1410 1016 1451 pag.
1051 1410 1146 1450 573;
1165 1395 1318 1436 Iunium
1338 1395 1385 1436 de
1415 1395 1544 1436 Coma
1553 1410 1568 1444 3

295 1450 383 1491 Nic.
411 1451 569 1493 Loensis
591 1450 748 1492 Miscell.
774 1451 816 1491 &
835 1450 1051 1491 Meurfium
1072 1451 1120 1490 de
1150 1449 1256 1490 Fort.
1282 1449 1364 1490 Att.
1387 1449 1414 1488 l.
1455 1463 1471 1489 1
1486 1477 1499 1495 ,
1529 1463 1564 1490 c.

300 1517 334 1544 1.
362 1505 466 1547 Cum
497 1506 696 1561 Stephano
721 1505 874 1546 mallem
900 1504 1052 1557 ἑνέρσειε
1074 1515 1191 1558 atque
1214 1504 1264 1543 ita
1287 1515 1311 1542 a
1338 1503 1388 1543 ud
1408 1502 1563 1544 Suidam

295 1558 335 1598 in
366 1573 469 1602 voce
499 1558 789 1615 τεττιγοφόροι,
811 1560 880 1613 qui
909 1571 992 1600 non
1021 1557 1214 1612 distinguit
1243 1570 1298 1612 po
1356 1557 1562 1611 τεττίγων.

294 1613 436 1654 Huns.
459 1614 609 1655 Locum
635 1615 758 1668 tangit
782 1612 950 1655 Eustath.
975 1626 1062 1666 395.
1089 1611 1124 1651 d.
1151 1612 1192 1652 δι
1218 1611 1407 1652 rationem
1435 1611 1562 1652 cultus

294 1667 343 1708 de
359 1668 433 1709 Ino
451 1669 552 1709 addit
565 1699 576 1715 ‚
599 1668 705 1723 quasi
735 1681 785 1709 ex
805 1667 949 1708 nostro.
971 1668 1119 1707 WAss.

348 1725 427 1762 ead.
450 1725 475 1763 l.
502 1737 534 1777 5.
561 1723 616 1764 Ἐν
640 1722 762 1776 ἔρα-ει)
787 1722 902 1775 Quin
921 1733 1018 1766 vera
1041 1719 1155 1760 lefflo
1177 1717 1222 1758 fit
1253 1718 1389 1771 ἑνέρσει
1410 1717 1563 1774 persua-

292 1775 384 1817 dere
416 1777 514 1817 mihi
541 1790 624 1817 non
656 1776 830 1831 possum:
859 1776 901 1816 δι
926 1775 1029 1829 apud
1058 1774 1278 1827 quempiam
1301 1773 1434 1815 locum
1457 1773 1562 1814 hunc
1640 1799 1641 1802 =

291 1831 475 1873 citantem
503 1844 590 1871 eam
616 1844 679 1872 me
697 1830 828 1871 videre
849 1829 1019 1870 memini.
1048 1827 1198 1868 STEPH.

346 1885 433 1925 ibid.
455 1883 664 1939 Κρωβύλον)
682 1881 785 1926 sisa:
803 1898 842 1923 τι
863 1881 1053 1936 ἐμπλοκῆς
1066 1913 1078 1931 ,
1094 1883 1330 1935 Harpocrat.
1348 1880 1453 1921 unde
1467 1879 1566 1933 Ety-

292 1939 475 1994 mologus
494 1953 535 1980 v.
561 1939 756 1993 κρώβυλος.
779 1937 967 1988 Κορέύλην
986 1946 1133 1977 vocant
1153 1934 1318 1989 Cyprii,
1344 1933 1477 1975 Persae
1501 1935 1562 1973 xi·

292 1991 413 2046 saptv.
442 1994 560 2034 Idem.
585 2007 625 2033 v.
654 1990 1037 2046 ἑγκεκορθυλημένος.
1057 1990 1162 2030 Vide
1188 1987 1352 2030 Anthol.
1376 1986 1458 2037 Vl,
1485 2002 1559 2038 22,
1631 1982 1637 1994 ‘

291 2047 470 2102 Xenoph.
502 2047 602 2100 Cyr.
622 2048 679 2095 V,
713 2060 806 2099 352,
830 2046 871 2086 δι
901 2045 1060 2085 Lucian.
1092 2041 1248 2097 Lexiph.
1273 2041 1471 2082 Pollucem
1497 2041 1562 2092 11,

293 2113 355 2154 30.
382 2106 440 2153 Κρ.
464 2101 613 2153 Cinnus
631 2100 797 2141 Gloffae.
819 2098 908 2140 usus
932 2098 985 2139 est
1007 2098 1059 2138 D.
1080 2097 1204 2137 Halic.
1218 2095 1346 2137 Etiam
1365 2095 1405 2135 in
1426 2096 1479 2134 V.
1502 2095 1556 2135 H.

289 2153 492 2195 Aelianus.
524 2155 656 2195 Suidas
683 2155 724 2193 in
754 2153 965 2207 κρώβυλος,
995 2150 1196 2205 κρωβύλους
1225 2147 1495 2199 ἀνωθούμενοι,
1518 2149 1560 2190 &

289 2207 427 2262 ἐνέρσει
450 2211 629 2249 ποικίλων
652 2207 859 2257 κρωβύλων.
889 2207 992 2246 Hinc
1017 2204 1196 2245 emendes
1220 2203 1322 2244 licet.
1346 2202 1389 2243 δι
1405 2203 1560 2257 ἐνέρσει,
1632 2222 1634 2224 v

289 2261 330 2302 in
354 2262 632 2316 τεττιγοφόροι.
666 2262 785 2302 Hunc
809 2261 1054 2301 beatulorum
1084 2257 1232 2299 cultum
1253 2256 1348 2296 ridet
1376 2257 1480 2299 haud
1502 2257 1559 2297 in·
1626 2294 1630 2300 ,

289 2315 484 2370 eleganter
511 2315 641 2357 Strato
665 2316 705 2355 in
722 2315 832 2369 Epig.
851 2314 1016 2363 inedito,
1041 2312 1146 2367 quod
1169 2324 1260 2352 cum
1283 2309 1427 2352 leaore
1445 2323 1559 2353 com·

289 2370 519 2412 municabo:

345 2419 399 2466 Ού
420 2423 602 2478 τέρπουσι
626 2420 742 2475 κόμοιι
767 2436 841 2473 με,
867 2418 1123 2475 περισσότεροί
1149 2432 1192 2458 τε
1220 2418 1370 2460 naamon

395 2478 571 2533 Τέχνης,
600 2472 638 2518 ού
662 2472 814 2529 φύσεως
837 2474 938 2531 ἔργα.
966 2472 1247 2525 ὃιὲοισκόμενοι.
