1670 3094
263 226 326 275 92
551 208 1240 257 THUCYDIDIS

339 294 418 368 ξζ.
446 299 806 378 Πολιορκουμενης
824 295 942 356 δε
888 330 958 367 της
978 306 1240 364 Ποτιδαίοις,
1258 306 1342 369 οὐχ
1358 300 1533 369 rja-6950&-

264 380 346 442 ζον,
368 379 515 453 ἄνδρων
537 403 582 433 τε
601 386 754 444 ο-φίο-ιν
777 380 954 438 ἐνόντων,
976 406 1053 434 nom
1046 380 1180 475 ἄμοο
1196 405 1289 455 περι
1308 382 1370 455 τῷ
1386 388 1532 455 χωρίῳ

262 454 446 514 saliam
471 457 745 553 παρεκάλουν
767 479 812 510 τε
836 455 977 516 εὐθυς’
965 480 1004 516 ες
1021 483 1088 520 την
1102 459 1421 528 Λοικεὸοοίμονοι
1437 480 1531 515 τους

262 531 547 602 ξυμμάχους,
570 556 648 584 κοοι
667 533 888 595 κοοτεβόων
914 534 1092 593 ἐλθόντες
1116 559 1196 588 των
1221 533 1496 595 'Adnvou‘cov‘'
1469 558 1530 585 οτι

261 608 450 666 σπονδάς
471 631 516 661 τε
541 609 772 667 λελυκοτες
794 608 888 664 εἷεν,
909 633 988 661 κοιι
1014 604 1247 664 ἀδικοιεν
1205 636 1272 673 την
1297 609 1527 663 Πελοπον-

260 706 389 744 νηο-ον.
409 682 636 749 Αἶγινητοιι
659 677 704 736 δε
726 683 916 758 φανερως
933 707 1017 775 μεν
1031 691 1076 738 οὐ
1096 686 1441 779 πρεσβευόμενοι,
1462 687 1529 738 de-

261 758 387 818 δὶότες
409 783 502 818 τους
523 761 777 822 Ἀθηναίους,
804 759 957 852 κρυφοι
980 754 1026 813 δε
1048 766 1131 826 οὐχ
1151 785 1312 824 ηκισ-τοο
1333 766 1430 833 μετ’
1448 766 1528 814 ωὐ-

262 859 342 887 των
367 858 504 900 ενηγον
528 859 593 889 τον
620 836 852 927 πολεμον,
864 833 1061 902 λέγοντες
1085 843 1160 890 οὐκ
1184 837 1284 891 εἶναι
1313 836 1529 908 οιύτὸνομοι

263 934 387 964 κοοτοο
413 935 495 970 τοις
527 913 725 971 σπονδάς.
753 919 788 966 οἱ
813 905 859 965 δε
889 914 1244 985 Λοικεὸοιιμονιοι,
1271 936 1530 1008 προσ-παρω-

259 985 530 1048 καλέσαντες
553 1014 633 1042 των
659 989 909 1061 ξυμμάχων
933 1011 979 1042 τε
1006 1014 1083 1043 nou
1110 992 1204 1050 εἳτις
1230 1014 1270 1044 τι
1297 990 1420 1043 ἄλλο
1443 987 1530 1053 εφη

262 1062 536 1126 ἦδικησθοιι
519 1088 602 1117 mro
621 1065 861 1127 Ἀθηναιων,
879 1064 1092 1132 ξύλλογον
1109 1067 1238 1132 σφων
1253 1066 1389 1119 αὑτων
1404 1090 1525 1127 ποιη-

261 1163 415 1200 σοιντες
443 1165 508 1194 τον
544 1142 740 1198 εἶωθοτοο,
773 1138 918 1207 λεγειν
956 1140 1154 1196 ὲκελευον
1198 1167 1275 1196 κωι
1310 1142 1446 1195 ἄλλοι
1481 1163 1529 1195 τε

261 1240 477 1291 ποοριοντες
501 1217 778 1309 ἒγκλημοιτοι
799 1219 999 1272 εποιοῧντο
1025 1244 1081 1278 ως
1108 1242 1304 1276 εκοοστοι,
1324 1242 1403 1272 xm
1423 1220 1530 1271 Με-

262 1316 431 1368 γωρεις,
458 1295 670 1357 ὃηλουντες
692 1317 770 1367 μεν
796 1318 875 1349 κοοι
902 1317 1019 1370 ετεροο
1045 1300 1120 1349 οὐκ
1145 1302 1286 1364 ὀλίγοι
1309 1295 1496 1369 διάφοροι
1511 1332 1526 1350 ‚

314 1457 476 1499 LXVII.
506 1458 580 1500 Sed
606 1473 697 1501 cum
732 1460 917 1501 Potidaea
950 1460 1191 1502 obsideretur
1204 1493 1217 1511 ,
1254 1474 1335 1502 non
1364 1461 1529 1515 amplius

260 1527 496 1581 quieverunt
508 1559 520 1578 ,
539 1542 629 1570 cum
650 1529 698 1570 de
713 1529 788 1571 suis
807 1531 923 1580 viris,
942 1531 1010 1585 qui
1027 1531 1069 1570 in
1090 1544 1136 1572 ea
1155 1541 1287 1582 erant,
1302 1541 1388 1572 tum
1408 1531 1526 1571 etiam

259 1596 307 1637 de
322 1597 469 1652 oppido
481 1629 494 1648 ,
506 1599 569 1640 cui
588 1600 773 1641 timebant
785 1630 798 1650 ,
810 1599 985 1642 solliciti:
1006 1600 1048 1641 ὅ(
1065 1601 1246 1655 protinus
1266 1600 1392 1642 socios
1412 1611 1526 1640 orare

259 1678 499 1722 coeperunt,
522 1679 568 1710 ut
593 1670 883 1712 Lacedaemona
907 1671 1109 1713 venirent:
1136 1671 1179 1712 δι
1197 1670 1268 1725 ipsi
1291 1684 1341 1712 eo
1363 1668 1527 1725 profecti

258 1737 409 1791 magnis
429 1738 664 1780 clamoribus
683 1740 725 1779 in
743 1738 1000 1780 Athenienses
1021 1740 1327 1790 invehebantur,
1351 1739 1460 1795 quod
1483 1738 1525 1779 &

258 1803 418 1847 foedera
440 1806 652 1862 ftegiss'ent,
673 1809 717 1850 &
736 1808 1048 1863 Peloponnesum
1070 1810 1212 1851 iniuria
1233 1810 1442 1851 afficerent.
1468 1808 1525 1849 At

258 1873 494 1929 Aeginetae,
525 1892 607 1920 non
634 1880 760 1935 palam
789 1879 842 1920 illi
871 1879 1027 1934 quidem
1055 1878 1248 1933 legatione
1279 1877 1409 1928 miffa,
1433 1877 1525 1932 quia

258 1945 513 1991 Athenienses
533 1951 778 1999 metuebant,
797 1949 859 1991 sed
874 1949 997 1999 clam,
1018 1962 1108 1990 cum
1130 1949 1221 2004 ipsis
1242 1948 1387 1990 bellum
1402 1949 1524 1989 maxi-

257 2028 323 2056 me
344 2016 574 2070 suadebant,
596 2020 784 2068 dicentes,
812 2019 850 2060 se
879 2032 929 2060 ex
949 2018 1105 2060 foedere
1129 2031 1212 2059 non
1234 2017 1310 2059 effe
1335 2017 1394 2058 sui
1414 2018 1523 2059 iuris.

258 2079 554 2125 Lacedaemonii
574 2099 696 2136 vero,
718 2085 828 2128 sociis
849 2097 1047 2141 praeterea
1072 2086 1295 2136 advocatis,
1316 2085 1359 2126 δι
1379 2084 1409 2125 si
1430 2087 1522 2140 quis

253 2147 334 2188 valia
354 2151 535 2205 quapiam
559 2152 599 2192 in
621 2166 663 2194 re
683 2152 722 2194 se
746 2154 795 2194 ab
819 2152 1118 2195 Atheniensibus
1141 2153 1320 2193 iniuriam
1342 2152 1523 2207 accepiffe

257 2214 419 2267 diceret,
432 2217 604 2271 legitimo
625 2217 717 2259 suae
732 2221 854 2273 gentis
871 2220 1038 2262 concilio
1059 2230 1283 2261 convocato
1294 2251 1306 2270 ,
1320 2233 1433 2270 eum,
1451 2220 1522 2274 qui

257 2285 400 2338 vellet,
426 2287 557 2329 dicere
584 2288 780 2330 iusserunt.
811 2290 928 2331 Tunc
955 2303 1056 2330 vero
1087 2303 1175 2331 cum
1201 2289 1261 2330 alii
1288 2290 1328 2330 in
1356 2290 1519 2331 mediam

257 2356 491 2398 concionem
523 2358 729 2414 progrefli,
749 2370 867 2414 prout
899 2359 1034 2413 singuli
1060 2359 1098 2401 se
1121 2358 1243 2401 laesos
1271 2359 1517 2409 iudicabant,

258 2421 306 2462 de
335 2421 634 2467 Atheniensibus
661 2426 1027 2481 conquerebantur3
1051 2436 1136 2468 tum
1166 2428 1283 2468 etiam
1314 2427 1520 2482 Megaren-

258 2490 338 2542 ses,
360 2491 662 2536 demonstrantes
684 2507 774 2536 cum
795 2493 870 2535 alia
887 2506 969 2536 non
989 2507 1131 2549 pauca,
1154 2507 1254 2550 quae
1274 2492 1364 2536 suae
1386 2495 1518 2550 reipu-·
