1670 3094
287 210 355 272 &
581 209 1271 262 THUCYDIDIS

289 309 402 362 σίους
430 326 508 357 και
538 309 704 368 χιλίους
727 328 820 363 τους
847 327 1022 363 παντας
1052 309 1263 366 ὁπλίτας,
1297 330 1374 359 και
1401 305 1558 375 ψιλους

289 387 590 454 τετρακοσίους
597 379 871 474 ἐστρατηγει
899 373 945 433 δε
973 382 1109 434 αὐτων
1137 380 1394 475 Ἀριστευς
1376 407 1396 435 ο
1424 386 1560 439 Ἀδει-

288 458 473 529 μαντου,
508 480 633 509 κατα
661 462 818 520 φιλίαν
841 480 886 509 τε
915 458 1043 509 αὐτου
1068 462 1153 522 οὐχ
1180 481 1355 521 ηκιστα
1368 466 1403 512 οἱ
1427 466 1559 515 πλεῖ-

290 557 383 588 στοι
412 535 461 586 ὲκ
492 534 678 606 Κορίνθου
705 555 964 606 στρατιωται
998 533 1204 588 ἐθελονται
1235 532 1541 599 ξυνέσποντο
1516 543 1559 600 ἦν

290 633 386 678 ’γαρ
410 612 491 667 τοῖς
525 608 841 667 Ποτιδαιάταις
865 615 939 662 αεί
957 632 1061 662 ποτε
1088 609 1319 673 ὲπιτηὸειος.
1355 636 1433 665 και
1458 618 1560 679 οἱφ-

293 685 491 738 ικνοῧνται
516 707 839 776 τεσσαρακοστῃ
862 681 999 758 ἡμέρα
1023 685 1184 760 ὕστερον
1207 686 1277 740 ἔπι
1302 681 1559 762 Θρακης,’“”
1533 715 1557 757 n

291 761 560 815 Ποτίδαια’
539 757 723 821 απτ-ἔστη.

369 830 451 900 ξα.
466 828 616 889 Ηλθε
641 828 687 888 δε
710 859 788 888 και
814 838 895 894 τοῖς
917 837 1140 898 Ἀθηναίοις
1165 835 1324 897 εὐθυς
1301 864 1325 901 η
1349 843 1561 930 ἀγγελία

292 937 373 966 των
394 912 584 968 πόλεων,
609 937 667 964 οτι
687 914 933 976 αφεστᾶσι
951 936 1031 965 και
1052 911 1313 986 πέμπουσιν,
1332 939 1386 974 ως
1403 913 1558 983 ner-«9¹0⁹-

292 1015 338 1043 το
369 1013 446 1042 και
474 1013 566 1047 τους
593 1011 712 1061 μετα
732 985 1008 1083 Ἀριστέως’
997 989 1299 1063 επιπαρόντας,
1327 992 1560 1056 δισχιλίους

294 1065 450 1118 ἑαυτων
472 1069 656 1123 ὁπλιτας
677 1087 754 1117 και
766 1087 1092 1138 τεσσαρακοντα
1113 1067 1231 1125 ναῧς,
1243 1090 1349 1158 προς
1360 1091 1421 1119 τοι.
1438 1073 1559 1131 ἀφε-

293 1164 467 1197 στωτα,
500 1164 577 1193 και
596 1142 808 1194 Καλλίαν
831 1165 895 1195 τον
916 1142 1179 1195 Καλλιοιὸου
1199 1139 1397 1214 πέμπτον
1425 1143 1561 1197 αὐτων

293 1240 542 1291 στρατηγον.
561 1218 593 1271 οἳ
609 1217 861 1288 αφικομενοι
877 1219 920 1276 ἐς
935 1219 1204 1272 Μακεδονίαν
1209 1243 1374 1310 πρωτον
1385 1258 1396 1276 ,
1414 1242 1560 1273 κατα-

293 1294 580 1366 λαμβανουσι
607 1318 698 1352 τους
723 1316 933 1366 προτερους
960 1301 1125 1358 χιλίους
1151 1292 1380 1368 Θέρμηνγ
1347 1318 1440 1369 αρτι
1469 1321 1560 1386 ηρη-

290 1372 446 1430 κὸτας,
466 1393 543 1423 και
567 1368 740 1424 Πυδναν
765 1371 1098 1444 πολιορκοῦντας.
1124 1372 1489 1446 προσκαθεζομενοι
1515 1363 1560 1424 δε

292 1536 354 1578 siis
375 1536 550 1580 mercede
579 1534 812 1585 conduaos,
836 1535 938 1577 mille
962 1535 1004 1577 &
1025 1534 1249 1587 sexcentos,
1274 1549 1414 1578 omnes
1431 1538 1561 1591 gravis

289 1619 512 1650 armaturae
531 1608 673 1648 milites
689 1637 700 1656 ,
721 1606 764 1648 &
786 1607 1089 1662 quadringentos
1109 1608 1247 1649 leviter
1272 1619 1452 1649 armatos,
1480 1607 1559 1650 Illis

292 1686 425 1716 autem
453 1685 627 1731 praeerat
649 1674 825 1716 Aristeus
849 1674 1049 1716 Adimanti
1071 1674 1196 1725 filius;
1219 1675 1262 1716 δι
1288 1687 1447 1731 propter
1478 1677 1561 1718 eius
1595 1689 1606 1697 *

294 1745 499 1785 amicitiam
521 1744 777 1800 potiflimum,
797 1744 952 1798 plurimi
973 1744 1184 1786 voluntarii
1207 1745 1346 1786 milites
1367 1745 1562 1787 Corintho

291 1825 386 1852 eum
405 1810 526 1853 secuti
539 1811 637 1852 sunt.
658 1811 817 1866 Semper
836 1812 939 1851 enim
952 1811 1258 1852 Potidaeatarum
1277 1811 1465 1854 studiosus
1478 1812 1561 1855 fue-

290 1891 362 1921 rat.
390 1881 439 1921 Et
471 1879 767 1935 quadragesimo
801 1880 861 1920 die
889 1879 975 1935 post
1003 1880 1208 1921 Potidaeae
1238 1879 1489 1922 defeffionem
1517 1883 1559 1923 in

291 1948 502 1989 Thraciam
523 1958 799 2002 pervenerunt.

345 2017 448 2058 LXI.
475 2016 647 2057 Nuntius
675 2027 809 2056 autem
842 2015 890 2056 de
919 2014 1075 2056 istarum
1107 2014 1310 2056 civitatum
1343 2014 1558 2059 defectione

291 2085 596 2130 Atheniensibus
620 2085 748 2125 statim
768 2084 823 2126 est
844 2084 985 2126 illatus.
1017 2085 1128 2139 Qui,
1151 2098 1246 2126 cum
1266 2086 1558 2141 intellexissent,

289 2158 380 2198 illos
401 2156 544 2206 etiam,
565 2156 633 2210 qui
664 2168 756 2196 cum
783 2154 937 2196 Aristeo
968 2166 1102 2205 erant,
1129 2167 1180 2196 eo
1210 2165 1412 2210 praeterea
1438 2157 1558 2200 adve-

290 2227 410 2277 niffe,
429 2238 479 2267 ex
499 2225 574 2267 suis
595 2225 655 2266 bis
675 2224 779 2266 mille
804 2225 934 2279 gravis
962 2234 1184 2264 armaturae
1206 2223 1369 2275 milites,
1389 2226 1431 2267 &
1456 2241 1557 2282 qua-

288 2298 463 2352 draginta
483 2309 630 2346 naveS‚
652 2295 899 2350 Galliamque
919 2295 1102 2338 Calliadis
1122 2293 1248 2335 filium
1269 2307 1360 2336 cum
1383 2307 1558 2350 quatuor

292 2367 456 2422 collegis
475 2363 737 2422 praefecium‚
762 2366 803 2406 in
833 2365 942 2415 loca,
965 2377 1070 2419 quae
1090 2362 1335 2414 defecerant,
1357 2363 1558 2407 miserunt.

293 2434 384 2488 Qui
424 2433 584 2475 simulac
619 2433 659 2472 in
696 2433 968 2474 Macedoniam
1002 2442 1266 2487 pervenerunt
1279 2463 1292 2482 ,
1325 2432 1413 2473 illos
1451 2432 1558 2475 mille

281 2558 285 2561 .
289 2503 442 2564 priores
458 2502 537 2543 iam
555 2501 725 2543 Therma
746 2501 915 2556 potitQS,
928 2500 973 2542 δι
990 2500 1170 2555 Pydnam
1189 2500 1408 2543 obsidentes
1425 2501 1554 2544 offen-
