1670 3094
274 228 333 270 14
558 207 1245 255 THUCYDIDIS

270 287 411 350 ωκουν”
431 300 514 348 καί
524 315 623 354 τινες
641 318 718 348 και
732 301 852 359 τείχη
865 295 1201 389 περιεβοιλλοντο
1211 335 1222 352 ,
1242 298 1297 356 ὦς
1311 297 1535 352 πλουσιω-

267 395 369 464 τεροι
397 371 551 424 {ccv-ram
577 393 829 461 γιγνομενοι.
858 369 1064 444 ἐφιέμενοι
1083 371 1177 441 γὰρ
1202 398 1279 426 των
1304 373 1471 447 κερδων,
1501 375 1544 428 οἵ

268 471 314 501 τε
333 471 484 510 ησσους
508 444 704 519 ὑπέμενον
727 472 796 508 την
820 472 898 501 των
922 471 1159 525 κρεισσονων
1187 451 1399 506 δουλείαν,
1428 451 1470 503 οἵ
1485 473 1532 503 τε

268 523 529 596 δυνατώτεροι
547 528 785 597 περιουσίαις
803 519 986 587 ἔχοντες,
1003 526 1314 616 προσεποιοῦντο
1332 525 1537 587 υπηκὸους

268 623 353 660 τοις
371 600 585 656 ἒλοισσους
603 598 765 657 πολεις.
793 621 871 650 και
891 621 928 651 εν
950 624 1082 671 τουτῳ
1107 625 1167 672 τῳ
1193 625 1333 673 τροπῳ
1357 604 1537 673 μᾶλλον

269 674 390 739 ἤδη
362 698 488 734 οντες,
510 672 665 764 ὑστερω
684 673 828 764 χρόνῳ
835 672 907 726 ὲπι
927 675 1108 747 Τροίαν
1098 677 1394 748 εστροίτευσοιν.

344 744 412 805 ’9.
454 747 746 822 Αγοιμεμνων
778 772 822 802 τε
853 774 928 822 μοι
961 751 1089 807 δοκει,
1125 776 1203 804 των
1235 751 1327 806 τὸτε
1361 752 1536 824 δυναμει

269 850 488 918 προυχων,
518 849 596 878 και
616 830 659 878 οὐ
677 849 862 880 τοσουτον
889 851 970 885 τοις
987 826 1263 912 Τυνδάρεω“
1237 852 1364 922 ορκοις
1387 851 1536 882 κατει-

268 900 507 976 λημμενους
534 926 626 961 τους
653 898 820 962 Ελενης
822 925 1081 993 μνηστηροος
1115 902 1262 969 ἄγων,
1300 928 1366 958 τον
1391 906 1540 958 στόλον

269 1002 460 1053 αγειροιι.
486 975 665 1044 λεγουσι
694 969 738 1029 δε
765 974 843 1029 κοίι
863 1003 895 1030 οι
916 1000 976 1030 τοι
1004 975 1279 1042 σαφεστοιτοο
1306 981 1536 1034 Πελοπον-

270 1062 409 1117 νησίων
427 1079 567 1126 μνημῃ
595 1076 724 1127 πωροι
741 1077 818 1106 των
845 1077 1030 1128 προτερον
1056 1052 1312 1137 δεδεγμένοι,
1333 1054 1537 1110 Πελοπᾶ.

270 1154 316 1184 τε
341 1155 497 1205 πρωτον
530 1129 684 1192 πλῆθει
718 1129 1036 1223 χρημάτων,οι
1002 1125 1220 1191 οιήλθεν’
1209 1154 1259 1184 εκ
1285 1156 1356 1194 της
1382 1133 1537 1192 Ἀσίας

271 1230 403 1272 εχων,
426 1230 481 1265 εις
498 1205 770 1292 ἀνθρωπους’
747 1228 927 1280 απορους
945 1205 1117 1277 δυνοιμιν
1132 1210 1536 1301 περιποιησάμενον,

269 1308 340 1346 την
364 1285 602 1355 επωνυμίοιν
626 1307 698 1344 της
722 1303 870 1356 χωρας
898 1280 1104 1345 επηλυτην
1128 1306 1227 1337 orm
1251 1282 1365 1355 ὅμως
1390 1307 1535 1350 σχειν,

268 1452 330 1481 res
353 1452 471 1494 quam
493 1448 582 1479 ante
605 1437 716 1488 facti,
741 1437 857 1479 urbes
882 1437 1002 1479 muris
1025 1438 1365 1481 circumdederunt.
1390 1440 1541 1481 Etenim

269 1510 476 1564 cupiditate
504 1507 705 1563 quaestus,
732 1508 775 1549 δι
798 1508 868 1563 qui
894 1509 1164 1552 imbecilliores
1190 1522 1324 1560 erant,
1351 1511 1545 1566 potentio·

269 1590 358 1618 rum
380 1576 606 1619 servitutem
630 1575 883 1626 sustinebant,
906 1577 948 1617 δι
967 1578 1035 1632 qui
1057 1579 1318 1633 potentiores,
1341 1580 1437 1634 quia
1464 1592 1542 1620 ma-

270 1661 366 1703 gnas
391 1648 589 1689 habebant
614 1647 837 1696 facultates,
865 1646 1036 1688 minores
1074 1648 1250 1689 civitates
1282 1647 1376 1690 suae
1402 1649 1540 1690 ditioni

270 1720 556 1774 adiungebant,
584 1717 724 1773 easque
750 1719 934 1774 imperata
957 1717 1084 1759 facere
1106 1720 1310 1774 cogebant.
1345 1719 1449 1762 Cum
1475 1733 1542 1762 au-

268 1799 347 1830 tem
370 1789 443 1830 hac
461 1789 611 1829 ratione
633 1788 709 1828 iam
732 1800 828 1843 opes
848 1786 1058 1838 auxissent,
1078 1788 1125 1829 ad
1146 1788 1304 1830 Ttoiam
1318 1803 1408 1831 cum
1431 1803 1541 1832 exer-

270 1859 351 1899 citu
374 1856 506 1912 postea
524 1856 614 1898 sunt
632 1855 810 1912 profecti.

321 1929 391 1970 IX.
412 1929 462 1969 Et
481 1929 755 1983 Agamemnon
774 1929 867 1970 mihi
889 1929 1042 1972 videtur
1061 1929 1212 1972 classem
1231 1928 1416 1984 coegiss'e,
1429 1896 1540 1984 quod

269 2007 421 2039 ceteros
441 1996 541 2055 illius
569 1996 686 2039 seculi
716 1999 890 2054 potentia
911 1997 1130 2054 superaret,
1154 2012 1236 2040 non
1259 2010 1390 2040 autem
1411 2009 1540 2040 tanto-

269 2078 362 2121 pere
376 2095 388 2115 ,
417 2066 526 2120 quod
546 2067 719 2109 Helenae
741 2081 886 2124 procos
912 2068 1115 2121 Tyndarei
1134 2067 1382 2111 iureiurando
1404 2066 1539 2108 obstri-

269 2136 354 2178 &os
377 2136 559 2179 duceret.·
573 2137 726 2179 Etenim
753 2139 820 2194 qui
842 2151 904 2180 res
927 2152 952 2179 a
974 2138 1259 2195 Peloponnesiis
1289 2137 1433 2194 gestas,
1459 2151 1539 2180 me-

270 2208 495 2262 moriaeque
523 2208 716 2263 proditas,
744 2209 786 2250 &
815 2208 885 2250 fibi
909 2222 934 2250 a
957 2210 1171 2252 maioribus
1201 2209 1354 2250 traditas
1384 2221 1539 2263 accepe-

268 2285 384 2326 runt,
409 2276 451 2317 &
485 2274 785 2331 exploratiffime
814 2287 1119 2331 cognoverunt,
1149 2277 1327 2327 tradunt,
1354 2277 1537 2333 Pelopem

269 2345 435 2400 primum
457 2359 546 2388 cum
572 2358 710 2399 magna
733 2346 776 2387 vi
797 2347 1073 2402 pecuniarum,
1100 2360 1196 2403 quas
1218 2346 1346 2389 secum
1369 2361 1418 2390 ex
1446 2347 1539 2390 Afia

270 2416 319 2458 ad
347 2416 527 2459 homines
556 2415 692 2472 inopes
724 2415 903 2459 attulerat
917 2445 929 2465 ‚
956 2427 1090 2471 parata
1123 2418 1325 2474 potentia,
1357 2418 1538 2473 quamvis

270 2487 493 2542 peregrlnus
514 2484 628 2536 estet,
646 2497 776 2529 tamen
800 2487 900 2530 illius
923 2489 1091 2544 regionis
1113 2502 1332 2544 cognomen
1355 2486 1539 2531 obtinuis-
