1670 3094
291 170 383 238 308
497 152 1438 223 ANNOTATIONES'

287 260 407 323 τατη.
429 261 635 315 quomodo
662 260 809 316 semper
833 261 886 303 D.
917 262 1111 304 Halicarn.
1139 263 1381 317 παλαιότεροι
1402 261 1567 330 xAris’tofes

287 314 660 423 ffgssffgggvggj
671 316 734 409 152²
752 315 1566 426 1553·&at.⁵{÷0‘?125'3?“;{⁷22”‘M25;

288 422 576 464 παλαιοτάτου.
602 424 749 463 WASS.

342 480 417 516 ead.
442 478 466 516 I.
498 492 558 531 13.
585 477 655 516 Καὶ
679 475 826 526 ταύτῃ)
854 489 934 516 om.
963 477 1121 531 quidam
1143 476 1228 518 Mss'.
1254 476 1363 518 male.
1385 476 1514 518 IDEM.

346 531 435 584 Pag.
472 543 532 584 23.
563 530 588 569 l.
625 530 663 571 6.
698 530 913 584 Ποιηταῖς)
938 531 1158 573 Homerum
1191 532 1390 586 intelligit,
1420 531 1488 586 qui
1517 529 1564 572 11.

225 589 231 595 ’
286 583 337 632 β’,
365 596 460 635 570³

346 638 398 677 Οἳ
424 637 469 677 ἑὲ
499 633 678 677 Μυκήνας
703 631 816 689 εἶχον
845 636 1055 690 ἐϋκτίμενον
1082 638 1322 693 πτολίεθρον,

342 689 499 740 Ἀφνειόν
528 705 573 731 τε
606 689 774 741 Κόρινθον.

287 745 435 785 WAss.
455 745 560 785 Vide
585 744 638 784 ibi
657 742 826 785 Eustath.
844 744 884 784 δι
905 743 1070 785 Casaub.
1102 744 1150 785 ad
1167 744 1292 787 Dion.
1317 744 1463 799 Chrys.
1485 747 1564 788 Co-

286 799 463 840 rinthiac-
489 812 527 852 p.
556 799 647 847 464.

343 856 419 892 ead.
455 852 480 892 I.
505 851 543 892 8.
570 854 617 890 Tb
642 853 844 902 λῃστικον)
874 851 913 892 Si
941 865 1079 893 verum
1104 852 1160 892 est
1177 881 1188 901 ‚
1269 852 1321 893 od
1346 865 1369 893 a
1399 853 1567 894 Scholia·

289 905 345 946 ste
367 905 541 947 scribitur
563 906 611 946 ad
635 919 720 960 cap.
744 922 793 955 4,
814 908 990 956 λῳστικὶν
1018 906 1172 960 quidem
1194 919 1217 946 e
1247 919 1269 946 e
1289 908 1333 946 τὶι
1355 906 1537 958 σύστημα
1551 939 1565 958 ,

290 960 471 1001 videlicet
498 958 587 1000 τοὺς
628 961 797 1011 λῃστὰς,
826 971 865 999 at
889 973 988 1000 vero
1016 961 1213 1013 λῃστρικὸν
1241 960 1313 1001 dici
1334 962 1380 998 τὸ
1411 960 1574 1012 κτῆμα,

286 1012 448 1055 1εᾶὶὶοηί
468 1013 631 1067 margini
653 1013 861 1067 adscriptae
883 1014 1002 1054 altera
1025 1013 1294 1068 anteponenda
1316 1012 1382 1053 est.
1415 1014 1477 1055 Sic
1496 1028 1570 1056 ve-

288 1082 338 1109 ro
362 1068 403 1109 &
422 1082 508 1122 cap.
538 1081 584 1108 10
618 1069 890 1121 λῃστικώτερον
918 1067 1267 1122 παρεσκευασμένα
1287 1067 1470 1120 legimus:
1495 1082 1568 1110 ve-

287 1136 378 1162 rum
401 1121 613 1176 λῃστρικῶς
632 1121 794 1163 viciffim
813 1121 999 1162 habemus
1017 1122 1120 1176 apud
1138 1121 1258 1162 Dion.
1279 1121 1470 1162 Halicarn.
1495 1123 1566 1163 ubi

290 1175 421 1218 scribit
449 1173 654 1229 λῃστρικοῖς
692 1175 1079 1227 διασκευασάμενος
1101 1175 1309 1229 itidemque
1334 1176 1434 1229 apud
1461 1175 1567 1218 hunc

290 1241 558 1271 enarratorem
585 1229 632 1269 ad
652 1242 734 1285 cap.
765 1241 814 1283 37
836 1229 1013 1271 videmus
1040 1232 1084 1269 τ“ο
1109 1228 1314 1284 λῃστρικῶς
1336 1231 1486 1284 opponi
1510 1229 1568 1282 τῷ

289 1283 469 1337 φιλικῶς.
503 1284 660 1325 STEPH.

343 1341 418 1378 ead.
440 1338 465 1377 l.
489 1352 529 1390 9.
548 1336 784 1392 Ἀμφότεροι)
810 1336 1022 1391 Ἀμφότεροι
1040 1350 1114 1392 pro
1135 1336 1227 1377 κατ’
1248 1334 1444 1391 ἀμφότερα
1463 1337 1567 1392 apud

288 1391 512 1445 Thucydid.
539 1391 804 1445 accipiendum
824 1391 898 1433 effe
924 1391 1039 1432 docet
1061 1391 1194 1432 Suidas
1215 1391 1257 1431 in
1274 1403 1389 1432 voce.
1410 1392 1566 1432 Verum

287 1456 423 1488 utrum
450 1444 653 1499 ἀμφότεροι
675 1458 749 1499 pro
773 1445 1025 1500 ἀμφοτέρωθεν
1050 1445 1149 1486 sumi
1179 1443 1318 1499 poflit‚
1344 1444 1416 1498 (ut
1436 1444 1567 1486 censet

287 1499 364 1541 Ae.
391 1499 799 1594 Pornzlpronuntiare
819 1513 899 1540 non
919 1499 1052 1540 aufim.
1081 1500 1222 1539 HUDs.
1241 1498 1451 1551 Ἀμφότερα
1502 1499 1568 1539 ui·

286 1553 376 1595 dam
398 1553 486 1597 Mff.
535 1566 586 1595 oc
613 1552 668 1594 est
682 1583 694 1603 ‚
715 1555 894 1609 utrinque,
921 1553 1140 1607 eleganter,
1161 1554 1240 1594 hinc
1259 1583 1273 1604 ,
1306 1553 1398 1593 illuc.
1421 1553 1468 1594 11.
1510 1553 1570 1604 V,

294 1623 390 1663 145:

440 1662 449 1671 Ι
544 1661 557 1675 Ι

341 1667 486 1704 Πολεες
508 1677 553 1703 τε
572 1676 640 1713 μιν
668 1659 851 1715 ιἰρῖισαντο
872 1660 1028 1705 Ἱππιῖες
1050 1660 1215 1716 φορέειν,
1243 1658 1406 1709 βασιλῆϊ
1428 1659 1475 1702 Σὲ
1492 1659 1570 1716 nef:
1663 1651 1670 1705 ε’

535 1731 605 1756 ται
634 1715 815 1770 ἄγαλμα
830 1746 843 1766 ,
1666 1716 1670 1747 Ι

342 1772 648 1818 ΑΜΦΟΤΕΡΟΝ,
671 1767 812 1821 κόσμος
839 1769 877 1808 δ’
895 1766 1032 1821 ἵππῳ,
1058 1766 1218 1822 ἐλατῆρί
1239 1782 1285 1809 τε
1309 1766 1440 1808 nwoe.
1658 1810 1659 1813 ,

287 1825 440 1867 Locum
461 1823 570 1865 hunc
595 1821 760 1878 respexit
788 1822 962 1864 Eustath.
989 1824 1028 1863 in
1049 1822 1093 1863 Il.
1111 1819 1161 1873 β’,
1187 1836 1224 1876 p.
1246 1834 1333 1876 290.
1356 1824 1503 1863 WAss.

341 1879 433 1932 Pag.
464 1892 527 1925 24.
561 1879 586 1916 l.
625 1891 660 1917 2.
694 1873 833 1930 Ἕλέον)
868 1877 928 1918 Cl.
950 1877 1112 1926 ἀνελὼν,
1142 1876 1245 1917 forte
1308 1889 1355 1916 ro
1384 1874 1431 1917 ὀὶν
1462 1873 1568 1917 ἑλόν.

285 1934 435 1973 WAss.
467 1929 548 1972 Nifi
574 1931 707 1986 potius
738 1931 778 1970 in
801 1929 936 1981 libris,
962 1931 1033 1985 qui
1062 1930 1200 1972 ἀνελὼν
1231 1929 1284 1969 ha
1335 1939 1400 1979 nt,
1429 1930 1567 1970 ultima

284 1984 438 2038 syllaba
469 1986 581 2026 vocis
612 1985 870 2039 praecedentis
906 1995 1051 2025 temere
1082 1985 1243 2038 repetita
1271 1982 1338 2024 est.
1365 1981 1456 2023 lnfr.
1488 1983 1566 2032 ΠΙ,

290 2052 366 2088 104
397 2039 443 2078 de
469 2039 602 2079 eadem
636 2052 678 2080 re
698 2037 849 2080 Ῥήνειαν
874 2036 979 2079 ἑλών.
1006 2035 1158 2080 Ῥήνειαν
1181 2038 1244 2078 hic
1273 2037 1413 2078 habent
1436 2036 1568 2090 scripti
1660 2079 1663 2083 ,

286 2093 329 2133 8(
349 2093 447 2133 editi.
475 2093 523 2132 Et
547 2092 600 2133 fic
620 2091 777 2133 Pausan.
802 2092 962 2133 Messen.
984 2105 1016 2134 c.
1043 2092 1112 2132 ult.
1134 2091 1208 2132 Sed
1233 2091 1339 2132 varie
1361 2089 1566 2138 scribitur,

285 2143 448 2194 Ῥήνεια,
479 2143 649 2195 Ῥνίναια,
675 2146 821 2187 Ῥηναία
843 2147 886 2187 δι
904 2146 1033 2187 Ῥηνιά.
1063 2146 1138 2185 vid.
1163 2143 1336 2186 Holsten.
1362 2144 1408 2184 ad
1434 2143 1568 2197 Steph-

284 2201 326 2241 in
349 2197 446 2242 Ῥιίνιι
463 2230 475 2250 ,
491 2199 533 2238 &
550 2198 689 2239 Cellar.
709 2199 744 2239 ΙΙ
766 2199 916 2254 Geogr.
947 2213 1004 2248 ¹4·
1025 2197 1071 2238 In
1094 2199 1257 2239 Homeri
1277 2197 1413 2250 hymn.
1430 2196 1524 2252 Apo
1652 2239 1654 2242 ,

285 2268 328 2295 v.
352 2269 405 2303 44
427 2252 554 2306 vulgo
577 2253 633 2293 est
658 2252 803 2293 Ῥηναιά
817 2284 830 2304 ,
861 2254 970 2307 quod
998 2253 1051 2292 ibi
1081 2251 1234 2294 Barnes.
1257 2251 1373 2293 edidit
1395 2249 1566 2293 Ῥηναῖαε

284 2319 369 2348 non
388 2305 470 2348 scio
493 2318 614 2372 quam
635 2305 744 2347 bene.
1648 2350 1650 2353 .

338 2362 421 2402 ibid.
439 2359 604 2402 Ἀνεθιιιιε
628 2359 683 2411 τῷ
702 2359 890 2414 wrm.)
913 2359 1015 2400 Vide
1036 2357 1224 2412 Thucyd.
1242 2358 1307 2400 lib.
1331 2372 1378 2414 3,
1412 2372 1446 2400 c.
1477 2371 1565 2410 104.
1647 2382 1650 2384 -

364 2425 433 2454 ns.
698 2452 703 2456 .
1556 2436 1564 2441 -

286 2415 416 2512 Hgad.
430 2468 455 2513 l.
474 2479 510 2523 3.
528 2466 716 2521 Φωκαεῖς)
731 2466 796 2510 De
812 2466 978 2510 lechone
994 2467 1125 2524 Marg.
1150 2465 1333 2511 Φωκαιεΐς
1354 2465 1432 2511 vid.
1449 2477 1567 2522 quae!
1645 2468 1670 2550 ᾖξε

1647 2555 1670 2745 ξ

1646 2760 1670 2883 ι

1634 2903 1670 2944 ,ἐξ
