1670 3094
297 189 389 254 348
503 188 1374 238 ANNOTATIONES

294 270 382 315 λῆνη
406 273 448 314 &
473 273 694 326 marisam,
719 277 762 317 &
787 290 886 331 quae
910 276 961 317 ibi
985 255 1237 318 annoiantur.
1262 278 1364 319 Add.
1398 278 1585 333 Thucy-g
1665 291 1670 349 J

295 326 402 368 dides
420 328 498 378 lv,
523 341 608 368 120.
739 361 743 366 .

351 382 467 422 ead-l.
495 395 554 436 15·
568 381 925 437 'EmSnp-mvpyobc)
949 384 1066 438 Apud
1084 384 1315 435 Dorienses,
1341 386 1464 440 inquit
1483 386 1570 427 Hes

295 433 478 487 sychius,
503 436 573 489 qui
597 436 753 490 publica
777 439 935 492 negotia
955 438 1090 493 resque
1114 440 1278 481 civitatis
1305 439 1572 480 administrant

295 489 479 542 Demiurgi
500 501 719 540 vocantur,
741 491 806 545 qui
834 491 973 532 ssmiles
994 491 1080 533 sunt
1103 494 1173 543 iis,
1191 492 1260 547 qui
1282 493 1331 533 ab
1356 493 1570 534 Athenien·-

294 542 399 584 fibus
419 545 607 583 Demarchi
624 555 842 593 vocantur,
861 545 899 585 id
921 545 998 595 est,
1024 547 1174 587 Tribuni.
1205 547 1474 602 Peloponnefii
1499 560 1571 587 au-

293 606 375 637 tem
398 596 538 637 Dorici
557 595 643 637 sunt
671 599 836 652 generis:
860 612 945 652 quo
977 599 1120 640 facium
1152 599 1226 651 est,
1248 612 1292 642 ut
1318 601 1568 642 Achaeorum

295 650 543 704 magistratus
566 653 774 705 Demiurgos
793 652 943 693 Dorice
963 653 1097 694 Livius
1114 654 1279 704 diceret,
1302 654 1325 694 l.
1351 655 1420 708 38,
1445 668 1477 696 c.
1506 667 1570 707 30.
1657 690 1660 695 .

263 724 267 729 ·
294 704 460 745 Eosdem
493 703 814 759 {wtsnlmovp‘yobc
847 706 1012 761 appellat
1035 707 1222 760 Thucyd.
1256 709 1568 752 Vide·Turnebi

294 758 504 799 Adversar.
525 757 549 799 l.
581 772 653 808 14,
677 772 710 800 c.
742 773 801 799 11.
825 761 962 800 HUDS.
992 760 1125 802 suidas
1146 762 1188 801 in
1210 760 1465 816 ἓημιουργόςε
1494 762 1568 802 Koa>

293 813 436 863 μηκέτι
472 811 675 865 &exeo-3001
706 812 792 854 τοὺς
820 813 909 854 κατ’
938 812 1020 854 ’έτος
1054 815 1359 866 ἐκπεμπομένους
1384 816 1571 869 Κορινδίων

295 865 577 919 Ἐπιέημιουργ
584 865 644 906 οὺς
658 866 869 908 κελεύοντες
880 897 891 916 ,
906 867 1036 908 nescio
1051 882 1100 908 an
1117 869 1195 909 huc
1214 868 1397 922 spectans.
1420 872 1568 910 WAss.

295 919 425 971 Idem3
448 920 555 974 quod
575 919 814 973 Hesychius,
837 922 884 962 de
902 921 1157 963 Dorienfibus
1177 921 1301 963 scribit
1328 922 1496 964 Eustath.
1517 923 1568 965 ad

295 973 376 1014 Od.
396 975 440 1028 ρ’,
479 974 603 1028 1825;
626 974 668 1015 &
699 975 747 1015 de
777 976 935 1029 Argivis
965 989 1010 1016 ac
1034 976 1222 1017 Thess'alis
1249 977 1382 1028 Etym.
1414 978 1470 1017 M.
1501 977 1568 1017 De

295 1042 409 1069 more
431 1027 718 1082 magistratuum
739 1042 762 1069 a
793 1029 1081 1084 Metropolibus
1106 1032 1146 1070 in
1168 1029 1342 1072 colon³as
1363 1031 1570 1074 mittendo-

295 1095 387 1122 rum
409 1082 612 1136 Spanhem.
644 1081 840 1123 Differtat.
863 1083 944 1133 IX,
977 1097 1064 1140 pag.
1096 1084 1166 1139 581
1195 1084 1242 1125 de
1263 1083 1347 1125 usu
1381 1085 1422 1126 &
1453 1085 1570 1129 Ριέιεε-Δ

296 1135 407 1177 stant.
431 1136 621 1176 Numism.
1176 1144 1180 1148 ’

353 1191 447 1244 Pag.
478 1190 542 1230 80.
567 1191 592 1230 l.
616 1190 654 1230 6.
679 1188 833 1245 Τοιῧτοι)
856 1190 949 1232 Sive
969 1189 1128 1241 ταῦτα,
1148 1191 1229 1232 five
1255 1191 1420 1233 τοιαῦτα,
1438 1192 1566 1248 legas,

297 1245 456 1339 Perigde
474 1243 545 1284 est:
568 1242 631 1285 sed
660 1248 756 1299 προς
782 1245 869 1286 τοὺς
891 1246 931 1285 in
956 1247 1041 1300 περὶ
1073 1246 1160 1286 τοὺς
1184 1257 1336 1288 mutare
1355 1247 1457 1288 haud
1478 1246 1568 1302 pos-

314 1311 357 1338 is.
409 1309 534 1338 TEPH.

352 1355 427 1392 ead.
449 1354 472 1391 l.
499 1351 536 1392 8.
560 1351 729 1406 Φοινερῶς
748 1351 915 1407 ἓιοὶφοροι
935 1346 1054 1406 ἦσαν)
1071 1353 1193 1394 Ηεᾶε
1215 1354 1274 1395 Cl.
1299 1352 1468 1406 φοινερῶς
1493 1352 1570 1396 iv'J'n

298 1404 340 1446 ὃ.
363 1421 396 1447 n.
425 1409 572 1447 WAss.
599 1405 845 1447 Confirmant
868 1408 985 1448 etiam
1013 1408 1075 1448 alii
1099 1407 1186 1450 Mff.
1210 1408 1260 1449 Et
1291 1407 1343 1450 fic
1366 1408 1568 1460 Thucydi.
1648 1446 1649 1451 ,

299 1460 366 1501 des
390 1460 490 1500 alibi.
512 1461 590 1501 vid.
612 1460 730 1502 Indic.

353 1518 429 1555 ead.
453 1515 477 1554 l.
509 1529 547 1568 9.
574 1513 618 1554 ‘O
646 1513 926 1570 Ἀλεξάνέρου)
957 1514 1044 1568 Qui
1072 1515 1333 1557 Macedonum
1363 1515 1567 1570 imperium

298 1568 519 1615 constituit,
545 1567 619 1608 fuit
640 1568 735 1609 alter
757 1569 997 1610 Alexander:
1026 1569 1073 1609 de
1105 1583 1188 1623 quo
1210 1570 1299 1610 vide
1328 1569 1519 1611 Herodot.
1541 1570 1571 1612 l.
1641 1590 1644 1595 .

299 1622 349 1672 8,
371 1636 404 1663 c.
437 1623 510 1676 136
533 1622 609 1663 &c.
632 1623 771 1663 Huns.
797 1624 1022 1664 Herodotus
1049 1636 1133 1664 non
1155 1633 1343 1664 memorat
1368 1623 1422 1664 ibi
1451 1623 1571 1664 Alex-

299 1677 461 1717 andrum
472 1706 484 1725 ,
503 1678 571 1730 qui
590 1677 796 1731 imperium
814 1677 1068 1718 Macedoniae
1087 1677 1434 1726 constituerit3'nec
1451 1678 1571 1718 Alex-

298 1731 418 1772 ander
440 1730 505 1771 ille
529 1731 631 1785 apud
661 1731 908 1774 Herodotum
933 1731 958 1771 1.
982 1731 1017 1771 d.
1046 1731 1141 1771 alius
1167 1731 1223 1771 est
1250 1731 1298 1772 ab
1320 1744 1395 1781 eo,
1415 1732 1462 1772 de
1486 1744 1570 1786 quo
1630 1767 1634 1787 3

300 1786 364 1825 hic
390 1785 467 1838 agit
487 1784 754 1838 Thucydides.
777 1786 875 1826 Vid.
900 1786 947 1826 de
970 1798 1021 1826 eo
1043 1786 1085 1826 δι
1101 1785 1282 1826 Perdicca
1302 1785 1504 1840 Spanhem.
1531 1786 1570 1827 d.
1627 1827 1630 1830 .

301 1839 366 1879 lib.
387 1838 482 1878 Diff.
510 1839 589 1880 VII
602 1870 614 1888 ,
634 1853 670 1893 p.
689 1853 763 1892 372
786 1839 888 1894 seqq.
914 1839 977 1880 Ad
995 1838 1256 1880 Alexandrum
1278 1838 1382 1880 hunc
1401 1840 1442 1880 in
1462 1838 1566 1881 Cass.

300 1892 546 1943 referuntur,
569 1906 670 1947 quae
692 1893 819 1934 Schol.
847 1893 935 1935 infr.
969 1893 1047 1934 hoc
1069 1906 1151 1948 cap.
1175 1904 1334 1934 annotat
1357 1893 1404 1934 ad
1422 1892 1571 1947 Ἀρχε-
1632 1909 1633 1913 ’

300 1947 473 2000 στράτου
500 1944 751 1999 Λυκομήέους.
768 1948 903 1989 Reae.
925 1947 1003 1987 vid.
1028 1947 1217 1988 Herodot.
1240 1947 1319 1996 IX,
1340 1961 1415 2000 43,
1435 1961 1500 1996 44.

356 2004 431 2041 ead.
454 2003 479 2042 l.
516 2016 576 2050 14.
601 2001 938 2050 Πελοποννησίους)
959 2001 1119 2055 Indigna
1142 2001 1197 2042 est
1213 2000 1327 2042 leffio
1349 2000 1570 2051 Ἀθηναίους,

301 2067 406 2108 quae
435 2056 649 2149 {arginem
669 2066 847 2111 occupet.
873 2056 976 2096 Nam
997 2055 1131 2097 αὐτοῖς
1154 2056 1201 2096 de
1224 2055 1295 2096 iuis
1316 2053 1402 2109 ipsis
1424 2054 1564 2095 intelli·
1628 2064 1630 2068 ‘

333 2118 421 2149 itur.
473 2120 599 2149 TEPH.

303 2122 330 2162 g
370 2162 461 2216 Pag.
488 2163 551 2202 82.
575 2164 600 2202 l.
632 2176 669 2212 4.
696 2165 756 2202 Τέι
779 2162 871 2204 τέλη
897 2162 970 2203 τῶν
999 2162 1247 2216 Λακεδαιμ.)
1271 2162 1335 2203 Ad
1368 2175 1436 2212 ea,
1463 2175 1567 2216 quae
1620 2214 1622 2217 ι

306 2226 469 2256 annotat
489 2216 618 2257 Schol.
644 2217 726 2256 add.
748 2216 890 2257 Meurs.
925 2217 1082 2257 Miscell.
1103 2217 1328 2257 Laconicor.
1357 2216 1422 2266 II,
1445 2230 1470 2265 4
1485 2248 1497 2265 ‚
1524 2217 1568 2258 δι
1618 2242 1623 2247 ·

306 2270 391 2319 ΙΙΙ,
415 2283 455 2321 7.
481 2269 554 2310 Sed
578 2282 659 2310 non
681 2271 1076 2311 Lacedaemoniorum
1106 2269 1252 2318 solum,
1282 2283 1421 2311 verum
1449 2271 1569 2314 etiam
1616 2318 1620 2325 ,

305 2323 476 2364 aliorum
506 2323 746 2378 magistratus
777 2325 873 2365 τέλη
901 2325 1090 2364 dicuntur.
1120 2323 1300 2378 Xenoph.
1331 2324 1392 2365 VI
1417 2323 1565 2364 Histor.
1614 2343 1617 2351 ¹

306 2377 449 2419 Graec.
486 2391 503 2432 5
534 2379 655 2432 princ.
693 2379 748 2417 τὰ
776 2378 827 2429 μζ
861 2392 953 2418 tom
984 2378 1076 2418 τέλη
1103 2378 1139 2418 ἐν
1173 2375 1316 2428 {ndo-vy
1344 2377 1468 2418 πολει.
1501 2376 1566 2418 Est
1612 2405 1619 2421 .-

306 2432 409 2472 enim
437 2444 582 2473 nomen
609 2430 797 2486 generale.
851 2430 955 2472 chol.
982 2445 1093 2486 parv.
1126 2432 1245 2472 Hom.
1275 2431 1322 2472 ad
1349 2431 1396 2472 11.
1421 2431 1468 2481 κ’,
1494 2432 1564 2486 56:

307 2490 418 2528 τέλος
437 2484 624 2541 fignificat
645 2486 710 2527 καὶ
734 2488 810 2528 τὰς
830 2485 991 2541 ἀρχὰς,
1011 2486 1075 2527 καὶ
1097 2487 1152 2527 τὰ
1176 2485 1409 2541 ἀξιώματα,
1430 2481 1478 2527 ὦς
1497 2488 1568 2531 &ree
1612 2508 1626 2547 4
