1670 3094
278 169 370 230 156
563 168 1246 219 THUCYDIDIS

272 290 363 318 των,
379 265 708 362 Λακεδαιμόνιοι
727 258 771 318 δε
790 290 909 337 μετα
923 267 1070 320 ταῦτα
1087 292 1151 321 τον
1168 265 1260 342 ἱερον
1278 264 1534 342 καλουμενον

272 342 464 414 πόλεμον
478 344 553 394 ἒστ
574 341 772 396 οίτευο-αν·
794 367 872 395 και
891 366 1174 416 κοατησαντες
1191 346 1261 398 τοῧ
1282 348 1319 398 ἐν
1334 347 1534 411 Δελφοῖς

274 420 398 491 ἱεροῧ,
419 366 656 491 παρέἔοσαν
674 419 886 481 Δελφοῖς.
903 443 982 471 και
960 416 1159 478 αυθις
1133 445 1292 495 υστερον
1310 422 1532 483 Αθηναιοι,

272 495 641 586 ἀποχωρησάντων
668 494 824 550 αὐτων,
845 493 1171 569 στρατεύσαντες
1188 521 1267 551 aas
1293 496 1535 572 κρατήρ-αν,

272 592 340 629 Τὶς
367 568 603 665 παρέδοσαν
635 571 852 622 Φωκεῦσι

348 669 447 719 ριγ
478 644 574 699 Και
600 668 738 719 χρονου
768 643 1060 716 ὲγγενομενου,
1086 670 1205 719 μετα
1235 650 1382 702 ταῦτα
1409 651 1534 711 Ἀθη-

273 724 377 774 ναῖοι
396 720 582 774 Βοιωτων
609 745 686 774 των
713 721 951 786 φευγοντων
976 723 1149 786 ὲχοντων
1173 721 1429 797 Ορχομενον
1454 749 1534 778 και

268 795 563 871 Χαιρωνειαν,
596 820 676 850 και
703 795 828 887 ἄλλ’
868 795 986 849 ἅττα
1022 804 1163 890 χωρία
1195 825 1264 866 της
1301 802 1534 860 Βοιωτίας,

272 872 577 947 ἒστρατευσαν,
593 871 748 925 ἑαυτων
766 895 841 945 μεν
859 878 1014 936 χιλίοις
1029 876 1343 936 ὃπλίταιςηων
1361 870 1406 930 δε
1425 880 1536 969 {vpe-

271 973 436 1021 μαχων
469 952 523 1008 ὡς
547 950 762 1008 ἑκαστοις,
794 947 865 1000 {m
893 972 954 1001 τα
981 956 1121 1023 χωρία
1148 974 1316 1008 ταυτα,
1336 951 1536 1026 πολέμια

273 1023 371 1078 ὂντα
389 1063 401 1081 ,
438 1027 659 1098 Τολμίδου
695 1025 766 1077 τοῧ
800 1026 1031 1096 Τολμαίου
1070 1030 1409 1101 στρατηγοῦντος.
1453 1052 1535 1081 και

272 1099 540 1194 Χαιρωνειαν
567 1100 723 1159 ἐλοντες
745 1124 823 1154 και
848 1102 1285 1194 oevd‘pmobiboemffi'
1263 1127 1534 1179 απεχωρουν,

274 1172 483 1242 φυλακην
500 1198 870 1239 καταστησαντες.
890 1175 1165 1251 πορευομένοις
1182 1172 1229 1232 δε
1247 1184 1384 1240 αὐτοῖς
1399 1183 1436 1234 ὲν
1447 1182 1538 1234 Κο-

272 1260 417 1330 ρωνεία
448 1257 692 1308 ’ἐπιτίθενται
724 1280 758 1308 οι
784 1276 830 1307 τε
857 1255 907 1306 ἐκ.
931 1279 1001 1316 της
1035 1253 1296 1330 Ὀρχομὲνου
1329 1257 1534 1324 φυγάδες

272 1424 382 1452 mum
405 1412 613 1455 redierunt.
648 1414 698 1454 Et
724 1425 866 1462 naves,
890 1426 991 1468 quae
1019 1426 1070 1455 ex
1097 1412 1290 1469 Aegypto
1321 1412 1539 1465 redierant,

271 1496 365 1524 cum
377 1483 464 1539 ipsis
475 1483 733 1526 discefferunt.
751 1484 1042 1525 Lacedaemonii
1060 1498 1162 1526 vero
1177 1484 1263 1540 post
1275 1485 1370 1526 haec
1384 1483 1542 1535 bellum,

271 1553 380 1608 quod
407 1554 569 1596 Sacrum
601 1554 837 1610 appellatur,
861 1553 1134 1609 susceperunt3
1158 1554 1352 1609 potitique
1371 1555 1544 1609 templo,

271 1622 380 1676 quod
399 1623 454 1665 est
471 1624 636 1680 Delphis
647 1657 659 1675 ‚
673 1625 710 1665 id
727 1623 891 1680 Delphis
907 1623 1154 1664 tradiderunt.
1168 1623 1422 1666 Athenienses
1442 1638 1543 1667 vero

271 1704 433 1745 contra,
453 1695 540 1750 post
561 1695 720 1736 illorum
744 1692 966 1744 discessum,
987 1707 1076 1734 cum
1097 1694 1268 1736 exercitu
1289 1707 1341 1736 eo
1357 1694 1542 1750 profeffi,

272 1764 316 1805 δι
333 1764 500 1820 Delphis
518 1765 726 1821 superatis,
748 1764 936 1820 templum
959 1765 1222 1806 Phocenfibus
1242 1765 1487 1808 tradiderunt.

325 1835 468 1877 CXIII.
495 1835 702 1878 Interiecto
719 1834 853 1877 deinde
874 1846 1076 1888 tempore,
1097 1832 1231 1888 postea
1252 1847 1345 1875 cum
1363 1834 1542 1878 Boeoto-

272 1916 359 1944 rum
378 1905 528 1947 exsules
548 1906 872 1955 Orchomenum,
900 1905 943 1946 &
960 1904 1253 1955 Chaeroneam,
1276 1917 1348 1947 nec
1367 1918 1447 1947 non
1467 1907 1542 1948 alia

271 1975 460 2028 quaedam
480 1977 668 2017 Boeotiae
686 1975 828 2032 oppida
847 1985 1045 2023 tenerent,
1063 1973 1315 2017 Athenienses
1327 1989 1416 2018 cum
1435 1978 1541 2019 mille

273 2044 406 2097 gravis
427 2056 644 2086 armaturae
666 2046 850 2086 militibus
870 2058 919 2086 ex
938 2044 1013 2086 suis
1033 2044 1076 2085 &
1094 2057 1144 2084 ex
1163 2043 1360 2087 sociorum
1379 2047 1542 2088 civitati-

272 2112 367 2161 bus,
389 2124 509 2167 prout
536 2114 782 2169 smgulisssaut
801 2116 961 2164 venire,
983 2124 1052 2154 aut
1079 2113 1218 2155 milites
1238 2129 1312 2170 pro
1329 2114 1368 2157 se
1389 2117 1540 2159 mittere

273 2180 454 2233 licuerat,
482 2184 523 2223 in
551 2184 615 2224 illa
639 2184 748 2234 loca,
774 2197 878 2238 quae
910 2183 1065 2225 inimica
1095 2195 1226 2235 erant,
1256 2186 1540 2241 expeditionem

273 2249 480 2291 Tolmidae
501 2250 684 2292 Tolmaei
707 2251 775 2291 filii
800 2251 917 2292 duEtu
939 2250 1192 2306 susceperunt.
1219 2252 1289 2303 Et,
1313 2253 1542 2296 Chaeronea

275 2328 389 2373 capta
408 2331 455 2359 ac
477 2317 648 2374 direpta,
672 2319 714 2360 δι
732 2320 865 2362 incolis
888 2320 929 2360 in
947 2319 1172 2362 servitutem
1192 2321 1385 2364 abstraffis
1398 2354 1410 2373 ‚
1434 2337 1543 2378 prae-

277 2388 372 2430 sidio
390 2389 431 2429 in
452 2402 497 2430 ea
518 2389 738 2440 collocato,
757 2388 1010 2431 discess'erunt.
1040 2392 1285 2433 Boeotorum
1310 2407 1411 2435 vero
1429 2393 1542 2435 exsu-

276 2458 355 2511 les,
381 2459 424 2502 &
445 2473 535 2502 cum
563 2459 651 2516 ipsis
680 2461 820 2514 Locri,
843 2461 885 2504 δι
905 2460 1170 2505 Euboenfium
1197 2461 1373 2516 exsules,
1397 2464 1440 2505 &
1460 2463 1543 2515 alii,
