1670 3094
306 262 457 300 Xv111
594 248 1295 297 THUCYDIDIS

306 350 486 419 ἀρίστοις
521 340 829 435 ἐπαινούμενος,
859 365 938 395 και
972 340 1204 432 κεκριμένην
1241 342 1362 406 δοξαν
1392 336 1573 406 λαβων,

306 422 586 512 ἀνάγραπτον
612 427 667 477 εἰς
684 442 748 471 τον
772 416 926 471 ἔπειτα
948 418 1084 491 χρόνον
1109 442 1309 480 κεκτηται
1337 443 1406 480 την
1429 427 1571 490 τιμὴν,

305 501 352 550 οὐ
383 493 685 550 κινδυνεύουσαν
720 494 1021 558 ἒξαλειφθῆναι
1050 498 1135 553 τοῖς
1172 497 1447 588 ὲπικρινουσιν.
1483 493 1571 560 ἐζη-

306 587 426 627 λωσε
444 563 519 624 ὃε’
508 594 566 624 επ
595 576 758 636 ὀλίγον,
777 594 832 628 ως
851 581 980 634 φησιν
987 561 1250 660 Άντυλλος,
1271 594 1348 623 και
1367 594 1449 630 τας
1466 572 1573 643 Γορ-

308 655 405 716 γίου
430 649 500 701 τοῧ
524 649 732 709 Λεοντίνου
755 669 1037 720 παρισωσεις,
1058 670 1136 698 και
1161 669 1243 705 τας
1261 643 1479 705 ἀντιθέσεις
1495 669 1574 698 των

308 724 539 795 ὀνοματων,
562 721 863 794 ευὸοκιμούο-ας
891 724 990 774 κατ’
1017 725 1138 775 ὲκεινο
1166 723 1310 795 καιροῧ
1338 745 1466 814 παρα
1490 746 1574 780 τοις

295 792 507 861 ’Ἕλλησί
545 823 623 850 και
651 796 784 869 μέντοι
811 821 888 850 και
917 799 1129 871 Προδίκου
1153 799 1225 851 τοῧ
1251 799 1376 851 Κείου
1406 823 1476 860 την
1501 821 1573 850 zm

307 901 390 935 τοις
413 876 605 946 ὀνομασιν
621 876 947 966 ακριβολογιᾞαν
963 874 1175 945 μαλιστα
1194 867 1239 926 δε
1257 874 1425 927 πάντων
1442 870 1573 947 (ὅπερ

307 945 505 1024 ειπομεν)
527 949 729 1015 εζηλωσεν
741 941 960 1040 Ομηρον,
985 973 1063 1001 και
1086 974 1157 1011 της
1179 973 1273 1024 περι
1297 973 1359 1003 τα
1383 952 1573 1022 ὀνόματα

309 1027 517 1093 ἒκλογης,
542 1051 620 1078 και
646 1051 715 1087 της
734 1049 833 1117 περι
858 1050 928 1087 την
952 1023 1133 1079 σύνθεσιν
1154 1028 1402 1099 ἀκριβείαις,
1432 1049 1503 1088 της
1527 1049 1574 1080 τε

309 1127 459 1168 ισχυος
477 1127 547 1164 της
569 1124 693 1154 κατα
710 1126 779 1163 την
805 1103 1030 1195 ἑρμηνείαν,
1051 1125 1129 1154 και
1154 1104 1224 1155 τοῧ
1248 1102 1466 1162 καλλους,
1493 1125 1573 1155 και

307 1181 380 1233 τοῧ
412 1179 588 1242 τάχους.
620 1202 698 1230 των
730 1170 776 1229 δε
803 1202 887 1270 προ
923 1178 1052 1230 αὐτοῦ
1089 1175 1386 1270 συγγραφέων
1418 1201 1464 1231 τε
1493 1176 1572 1231 και

307 1255 528 1350 ἱστορικων
547 1252 803 1321 αψυχους
784 1276 930 1322 ωσπερ
969 1254 1220 1319 εἰσαγόντων
1253 1277 1334 1313 τας
1368 1277 1573 1327 συγγρα-

310 1330 428 1396 φας,
454 1355 531 1384 και
551 1330 665 1397 ψιλη
687 1354 785 1401 μονῃ
812 1327 1085 1402 χρησαμένων
1109 1326 1337 1388 διαπαντος
1362 1329 1572 1395 ὃιηγησει,

308 1431 550 1483 προσ-ωποις
568 1399 606 1459 ὃ
597 1429 614 1459 ε
633 1411 676 1458 οὐ
694 1404 923 1479 περιθεντων
941 1406 1098 1472 λογους
1115 1419 1250 1465 τινας,
1268 1397 1356 1458 οὐὸε
1374 1406 1575 1467 ποιησάν-

307 1572 395 1614 dem
424 1570 583 1612 illorum
611 1569 755 1610 iudicio
787 1569 842 1611 est
873 1568 1101 1613 consecutus
1114 1598 1127 1618 .,
1164 1568 1206 1609 in
1231 1567 1427 1623 posterum
1457 1582 1578 1611 omne

307 1652 462 1695 tempus
483 1638 675 1682 honorem
698 1637 897 1679 literarum
921 1638 1184 1680 monumentis
1215 1637 1438 1679 mandatum
1451 1669 1464 1688 ‚
1493 1639 1579 1680 nul-

305 1708 428 1764 lisque
447 1706 628 1764 periculis
650 1706 868 1750 obnoxium
881 1706 962 1756 ,est
978 1708 1160 1762 adeptus,
1183 1720 1301 1762 quem
1319 1708 1430 1749 nulla
1449 1707 1582 1764 poste-.

306 1792 442 1820 rorum
465 1777 607 1822 iudicio
629 1786 737 1817 aetas
757 1776 883 1820 delere
902 1778 1058 1831 poterit.
1090 1777 1279 1821 Nonnihil
1298 1779 1416 1819 etiam
1429 1809 1443 1829 ‚
1458 1790 1504 1820 ut
1525 1779 1578 1820 ait

306 1846 519 1900 Antyllus,
540 1844 714 1898 Gorgiae
737 1845 918 1886 Leontini
939 1844 1107 1887 studium
1127 1845 1182 1887 est
1203 1847 1399 1898 imitatus,
1418 1858 1465 1889 ut
1483 1862 1575 1890 ver-

307 1919 357 1959 ba
375 1917 504 1959 verbis
522 1915 630 1970 quasi
653 1914 828 1956 demensa
849 1914 1106 1971 respondeant
1117 1947 1131 1967 ‚
1152 1916 1194 1958 &
1206 1917 1247 1958 in
1255 1917 1468 1959 collatione
1483 1931 1578 1960 con-

305 1988 517 2028 trariorum
528 2017 541 2036 ‚
565 1998 665 2040 quae
684 1995 777 2026 tunc
791 1984 978 2039 temporis
993 1983 1096 2038 apud
1109 1983 1285 2026 Graecos
1298 1986 1467 2026 maxime
1485 1998 1576 2040 pro-

304 2056 507 2097 babantur.
530 2055 738 2096 Prodicum
754 2067 915 2110 quoque
933 2053 1074 2095 Ceium
1095 2053 1135 2093 in
1158 2064 1341 2095 accurato
1357 2053 1574 2095 verborum

304 2124 456 2167 dele&u
481 2123 537 2166 est
571 2125 754 2169 imitatus.
789 2124 1010 2164 Homerum
1038 2134 1138 2164 veto
1176 2122 1351 2176 inprimis
1386 2127 1463 2174 (ut
1495 2122 1573 2163 iam

303 2196 498 2247 diximus)
515 2195 557 2236 &
578 2196 618 2235 in
636 2195 852 2238 verborum
871 2192 1079 2242 elefflone,
1102 2191 1146 2232 δι
1169 2191 1209 2231 in
1228 2189 1414 2246 exquisita
1431 2203 1574 2232 eorun-

304 2265 392 2307 dem
415 2263 721 2319 compositione,
743 2263 786 2304 &
805 2264 844 2303 in
862 2261 1099 2303 elocutionis
1113 2261 1178 2310 vi,
1202 2258 1464 2313 orationisque
1486 2258 1572 2313 pul-

303 2332 543 2383 chritudine,
561 2346 608 2374 ac
634 2333 854 2374 velocitate.
879 2330 982 2372 Cum
1002 2340 1132 2371 autem
1152 2328 1353 2383 scriptores
1367 2358 1379 2377 ,
1392 2340 1437 2368 ac
1457 2326 1570 2370 histo-

304 2400 399 2449 rici,
431 2400 500 2453 qui
529 2412 621 2440 eum
645 2410 768 2440 aetate
798 2398 1104 2455 praecesserunt,
1130 2396 1306 2437 historias
1337 2397 1464 2438 anima
1495 2398 1569 2446 (ut

303 2468 359 2509 ita
379 2467 548 2522 loquar)
579 2477 754 2508 carentes
788 2464 1074 2520 conscripserint
1087 2494 1100 2514 ‚
1129 2463 1171 2504 &
1199 2463 1302 2504 nuda
1332 2462 1570 2517 simpkicique

301 2549 434 2580 rerum
452 2536 670 2577 narratione
696 2535 842 2589 ubique
862 2533 936 2575 fmt
957 2531 1036 2582 usi,
1053 2544 1126 2573 nec
1146 2530 1236 2572 ullis
1256 2529 1427 2586 personis
1449 2530 1570 2574 ullam

1660 1983 1670 2008 ,ἓ
