1670 3094
476 239 518 289 P
530 240 625 288 ΕΑ
639 235 794 287 ΕῙΑ
806 238 893 286 TI
907 238 958 285 0.
1142 248 1362 289 mxxxix

94 359 119 390 ο
135 345 367 404 praescripto
389 344 436 387 cl.
455 343 615 395 Wafl'e,
633 357 717 400 quo
732 342 894 386 auflore
903 342 1114 385 Wetstenii
1132 343 1176 385 δι
1190 343 1364 385 Smithus

94 409 196 451 hanc
216 409 427 450 editionem
443 405 710 462 susceperunt,
730 405 800 447 nifi
822 405 894 446 ubi
913 404 979 446 ille
998 403 1146 460 aliquid
1168 416 1364 446 mutatum

93 467 287 515 voluerat.
307 469 392 526 Ipse
417 470 514 510 mihi
538 470 634 511 nihil
661 471 703 511 in
726 483 775 511 m
802 483 845 511 re
872 467 1051 524 permifi,
1079 479 1292 510 contentus
1319 469 1363 508 in

94 526 506 576 Animadverfionibm‘
518 532 649 575 dixifl'e
660 565 673 584 ,
685 546 788 589 quae
808 533 904 573 mihi
922 531 1173 581 videbantur,
1191 543 1366 586 praeter-

95 607 214 650 quam
242 594 351 649 quod
375 593 526 644 semel,
550 606 618 636 aut
636 594 832 636 summum
854 595 938 643 bis,
956 606 982 634 e
1004 592 1093 636 ΜΚ.
1112 594 1151 634 ἐς
1176 606 1251 648 pro
1279 593 1366 640 εἰς,

59 657 142 699 ·&
166 655 198 697 fi
233 657 328 712 quid
354 656 520 698 fortaffis
552 657 660 698 aliud
690 670 772 698 non
797 656 954 697 maioris
980 656 1169 697 momenti
1193 655 1274 704 est,
1301 667 1370 696 re·

94 717 250 775 scripfi3
280 719 344 762 sed
372 732 502 763 tamen
529 732 576 762 ut
603 720 753 776 semper
782 719 969 761 leflorem
994 719 1046 760 de
1071 719 1145 769 iis,
1182 731 1287 773 quae
1311 717 1367 758 ab

99 794 272 836 utroque
295 781 471 824 nostrum
492 793 641 824 mutata
662 782 752 823 sunt
764 812 777 831 ‚
803 780 1035 823 monuerim.

125 862 130 866 ν
154 843 296 884 Varias
319 843 522 886 Iefflonoe
538 845 818 900 exemplarium
839 843 1073 899 scriptorum
1092 855 1230 884 omnes
1254 841 1370 883 Hud-

98 903 270 947 sonimis
290 905 367 948 suis
392 906 489 949 locis
516 906 690 957 inserui,
715 908 911 949 revooetis
938 906 1054 947 etiam
1076 905 1125 946 ad
1154 904 1240 946 suas
1263 903 1370 945 sedes

97 965 171 1016 iis,
191 980 290 1021 quas
302 981 326 1009 e
347 967 583 1011 Clarendon.
605 970 650 1010 &
665 970 814 1013 Graev.
834 969 875 1010 in
898 969 1168 1024 Appendicem
1187 967 1374 1008 coniece-

101 1037 164 1068 rat
185 1028 408 1072 Hudsonus.
428 1031 476 1071 In
504 1031 563 1072 his
589 1032 681 1072 alias
702 1031 801 1081 effe,
831 1045 933 1087 quae
961 1031 1056 1072 nihil
1081 1030 1151 1072 nisi
1177 1028 1375 1072 oertiffimi

101 1101 256 1139 errores
273 1090 479 1133 scribarum
498 1091 571 1132 sint
582 1122 595 1141 ,
616 1093 730 1142 alias,
748 1106 849 1147 quae
868 1105 998 1147 neque
1016 1092 1064 1133 ad
1079 1093 1164 1134 loca
1185 1092 1375 1146 deprava·

72 1187 81 1189 ,
102 1163 148 1192 ta
165 1154 422 1204 emendanda,
434 1167 560 1209 neque
581 1156 629 1195 ad
641 1155 768 1196 lucem
787 1154 961 1196 obscuris
975 1153 1246 1196 affundendam
1267 1152 1377 1208 quid·

104 1227 224 1268 quam
246 1216 394 1270 prosint
406 1248 419 1267 ,
436 1217 479 1258 δι
505 1217 646 1259 multas
667 1217 748 1260 sine
768 1217 1064 1274 reprehensione
1082 1214 1283 1271 praeteriri
1301 1226 1377 1269 po-

106 1276 238 1328 tuisse,
257 1292 376 1320 nemo
403 1279 518 1322 facile
540 1281 706 1335 negabit.
735 1282 809 1323 Sed
837 1282 928 1336 quia
955 1278 1167 1321 Hudsonus
1189 1278 1291 1318 hane
1316 1290 1379 1317 ra-

105 1338 256 1379 tionem
278 1340 465 1395 ingressus
487 1341 634 1390 fuerat,
662 1342 759 1382 mihi
791 1343 842 1382 ab
870 1342 974 1382 illius
1005 1340 1178 1381 instituto
1202 1352 1285 1380 non
1316 1351 1378 1379 re-

105 1401 347 1453 cedendum,
376 1416 451 1445 nec
475 1404 685 1459 quidquam
711 1418 851 1445 eorum
869 1436 882 1455 ‚
907 1417 1009 1459 quae
1033 1403 1086 1444 ab
1114 1402 1196 1443 aliis
1222 1413 1380 1455 accepe-

31 1512 35 1523 ,
110 1474 220 1514 ram,
245 1465 503 1506 omittendum
529 1466 677 1521 putavi.
704 1467 799 1507 Non
817 1465 900 1506 sum
919 1464 1092 1514 nescius,
1115 1462 1215 1512 effe,
1234 1461 1381 1517 quibus

108 1526 253 1567 nimiae
277 1528 514 1583 anxiaeque,
533 1529 578 1571 δι
602 1541 727 1584 prope
752 1527 911 1570 miserae
932 1528 1150 1582 diligentiae
1179 1525 1382 1572 videatur,

37 1599 40 1610 1
107 1588 151 1630 in
179 1589 394 1645 quisquiliis
417 1591 489 1632 illis
507 1622 521 1641 ,
548 1603 647 1646 quas
674 1602 838 1646 putant,
866 1589 1088 1644 colligendis
1116 1589 1308 1642 ingratum
1336 1585 1381 1626 δι

30 1702 34 1705 Δ
103 1652 224 1692 taedii
250 1652 407 1706 plenum
426 1653 603 1694 laborem
623 1653 726 1694 velle
746 1666 903 1708 ponere.
932 1652 1007 1693 Sed
1027 1652 1065 1691 hi
1077 1682 1090 1701 ,
1110 1649 1140 1690 si
1167 1646 1384 1702 cognosce·

111 1725 157 1752 re
179 1712 337 1764 volent,
367 1726 472 1768 quae
494 1715 565 1756 cel.
594 1716 818 1755 Burmannus
845 1727 925 1755 non
946 1714 999 1754 ita
1023 1713 1170 1768 pridem
1193 1712 1235 1751 in
1264 1710 1384 1752 Prae-

32 1807 39 1813 „
111 1771 264 1815 satione
282 1773 414 1815 Iustini
435 1788 527 1816 cum
550 1777 668 1817 variis
692 1776 942 1818 Leffionibus
971 1774 1063 1815 editi
1086 1772 1221 1814 diserte
1247 1785 1295 1814 ac
1320 1771 1384 1812 lu-

113 1832 290 1874 culenter
308 1834 357 1875 de
379 1848 428 1876 oe
450 1849 493 1876 re
511 1835 716 1891 disputavit
729 1867 743 1886 ‚
768 1836 1004 1890 intelligent,
1025 1844 1210 1889 quantam
1233 1844 1311 1873 tam
1330 1832 1385 1873 le-

31 1914 46 1926 ν
113 1895 186 1944 vi,
209 1908 256 1936 ac
286 1897 422 1951 potius
443 1898 582 1947 stulto,
607 1899 750 1939 iudicio
776 1898 973 1939 literarum
988 1895 1172 1938 inscitiam
1194 1894 1385 1950 prodant,

32 2009 42 2025 J
113 1966 382 2014 quantumque
398 1972 446 2000 ex
466 1959 538 2002 hac
553 1974 596 2001 re
618 1959 788 2001 fruaum
813 1971 951 2014 oepere
971 1956 1135 2013 poffint,
1147 1956 1219 2011 qui
1237 1955 1384 1996 restam

39 2034 46 2054 ἰ
114 2019 224 2061 viam
245 2019 451 2076 scriptores
470 2021 645 2063 vetustos
663 2021 847 2062 metandi
869 2019 1055 2070 insistere,
1076 2021 1120 2061 δι
1141 2017 1277 2060 severa
1299 2018 1388 2072 lege

30 2092 35 2099 “
115 2079 160 2123 in
181 2081 310 2124 studiis
333 2083 534 2129 literarum
559 2084 839 2125 humaniomm
865 2082 1055 2139 proficere
1077 2081 1251 2137 cupiunt.
1280 2081 1387 2135 Quo
1417 2076 1422 2079 ’

54 2166 56 2168 v
117 2144 240 2199 magis
259 2145 420 2187 miratus
440 2145 523 2187 sum
546 2146 813 2187 tenebrionem
826 2177 839 2194 ‚
857 2146 925 2200 qui
939 2159 1064 2201 nuper
1085 2145 1298 2200 ‘tragicum
1318 2146 1387 2186 La-

63 2226 66 2227 ν
118 2205 245 2248 tinum
264 2207 381 2249 illotis
401 2209 578 2250 manibus
605 2208 862 2250 contreetavit
874 2240 886 2259 ‚
906 2222 969 2250 me
982 2240 996 2259 ,
1018 2221 1138 2264 quem
1156 2209 1386 2249 varietatem

120 2265 330 2324 scripturae
348 2270 580 2313 MSStorum
598 2271 947 2325 Thucydideorum
973 2271 1257 2326 publicaturum
1277 2270 1390 2310 intel-

119 2327 284 2381 lexerat,
305 2331 415 2385 quod
437 2343 483 2373 ut
503 2331 646 2373 faciant
662 2345 822 2383 omnes,
840 2333 986 2387 quibus
1003 2332 1158 2374 illorum
1175 2332 1290 2386 copia
1306 2330 1361 2371 est
1372 2359 1387 2377 ‚

119 2392 234 2434 etiam
252 2395 499 2448 atqueetiam
519 2395 698 2436 hortatur
720 2409 767 2438 ac
782 2407 919 2437 monet
931 2396 1193 2442 Burmannus,
1211 2406 1321 2435 nova
1345 2393 1388 2432 &

82 2479 85 2483 ⁴
120 2456 339 2509 “cogitata
359 2457 617 2512 appellatione
626 2458 872 2500 deridendum
887 2460 1094 2514 propinare
1105 2456 1279 2499 voluisse.
1296 2456 1390 2495 Non

6 2579 11 2595 Ο
64 2527 74 2578 j
125 2516 493 2562 *flebat-Mulsum
524 2531 662 2577 oeput,
692 2522 756 2564 cui
785 2522 1004 2576 arrogantia
1036 2521 1080 2563 &
1106 2520 1254 2563 summa
1279 2519 1326 2558 de
1352 2517 1389 2558 se
