1670 3094
275 160 365 221 184
559 159 1247 208 THUCYDIDIS

270 250 554 312 καθίστησιν
540 272 683 305 εαυτον
711 253 751 310 ἒς
778 257 907 326 κρίο-ιν
931 254 1013 311 τοῖς
1037 249 1308 324 βουλομενοις
1335 251 1429 330 περι
1458 260 1537 310 αὐ-

268 352 347 381 των
372 325 585 392 ἐλέγχειν.

346 397 464 477 ρλβ’.
491 401 587 456 Κοίι
614 398 800 499 φανερον
809 426 885 474 μεν
914 403 1024 469 εἰχον
1049 397 1160 458 οὐὸεν
1188 412 1223 458 οἱ
1239 406 1540 503 Σπαρτιᾶται

274 483 462 552 σημεῖον,
492 476 582 532 οὗτε
609 486 643 531 οἱ
670 475 827 553 ὲχθροι,
858 476 948 533 οὗτε
973 484 996 542 ἦ
1027 484 1166 534 ποῖα-α
1191 482 1343 543 πόλις,
1375 483 1457 556 ὅτῳ
1488 481 1542 538 ἂν

274 577 578 613 πιστευσαντες
616 556 870 617 βεβαίως
832 558 1118 650 ετιμωροῧντο
1156 557 1285 632 ἄνδρα
1321 557 1462 625 γένους
1495 583 1541 614 τε

273 633 346 684 τοῦ
372 633 648 693 βασιλείου’
633 653 752 686 οντα,
775 654 853 682 και
883 633 920 683 ἒν
941 633 1003 704 τῷ
1026 633 1196 726 παρόντι
1221 658 1344 705 τιμην
1367 633 1541 732 Exorat<

273 709 586 798 Πλείσταρχον
614 702 723 796 ’γαρ
737 729 802 759 τον
831 706 1120 764 Λεωνίδου,
1091 731 1190 761 οντα
1223 709 1428 772 βασιλέα
1462 735 1542 764 και

275 780 352 837 νέον
386 779 466 838 ἐτι,
494 774 723 848 dvezlstoc'
695 805 747 834 ων
773 782 1050 856 ἒπετρόπευεν.
1076 782 1272 851 ὑποψίας
1291 778 1338 838 δε
1361 786 1545 848 πολλας

275 881 491 952 παρειχεί
506 861 556 922 τῇ
580 879 625 910 τε
654 864 929 931 παρανομία,
951 882 1029 911 και
1058 859 1241 925 ζηλώσει
1259 885 1336 914 των
1356 864 1545 954 βαρβά-

273 959 369 1009 ρων,
383 959 446 1005 μη
467 935 557 992 ἶσος
574 932 893 996 &ovato-&ou
851 944 951 987 εἶναι
963 959 1045 995 τοις
1056 937 1256 1026 παροῧσ-ι.
1276 961 1336 990 τα
1347 961 1393 991 τε
1409 938 1546 993 ἄλλα

273 1011 405 1063 αυτοῧ
419 1010 676 1064 ανεσκόπ-ουν
686 1048 697 1066 ,
715 1033 786 1062 ειτι
802 1034 885 1063 που
899 1004 1238 1079 ὲξεὸεδὶητητο
1176 1037 1255 1067 των
1266 1014 1547 1070 amosa-mm

275 1094 479 1159 νομίμων,
501 1110 579 1139 και
599 1111 658 1139 οτι
682 1082 812 1138 ἐπι
770 1111 834 1140 τον
858 1088 1035 1181 τρίποδα
1054 1110 1159 1140 ποτε
1180 1113 1244 1143 τον
1267 1092 1305 1143 ἒν
1319 1090 1544 1156 Δελφοις,

277 1164 317 1216 ‘ov
346 1160 543 1216 ανέθεσαν
570 1170 604 1215 οἱ
621 1155 836 1225 Έλληνες
866 1159 958 1215 ἀπο
986 1188 1063 1217 των
1096 1163 1258 1227 Μηὸων
1286 1168 1543 1240 ἀκροθίνιον,

275 1242 444 1304 ηξίωο-εν
471 1239 833 1315 ἒπιγραψασθαι
856 1235 981 1298 αὐτος
1007 1237 1158 1292 ἰδία
1116 1264 1161 1293 το
1186 1243 1371 1308 ἐλεγεῖον
1390 1243 1506 1301 τοδε,

275 1404 492 1453 constituit,
516 1405 558 1447 &
578 1405 736 1447 crimina
760 1405 829 1446 fibi
852 1405 1005 1447 obiefta
1028 1403 1184 1448 cuilibet
1207 1404 1247 1446 in
1267 1404 1414 1447 iudicio
1437 1419 1550 1448 coar-

278 1474 420 1527 guendi
444 1474 671 1528 potestatem
694 1474 798 1516 fecit.

334 1544 534 1586 CXXXII.
562 1544 742 1600 Spartani
767 1557 866 1587 vero
888 1544 1038 1586 nullum
1063 1543 1217 1599 quidem
1240 1541 1483 1585 manifestum
1501 1542 1552 1584 fi-

279 1628 404 1669 gnum
424 1615 640 1665 habebant,
662 1629 789 1668 neque
809 1614 930 1670 ipsius
951 1615 1122 1665 inimici,
1142 1628 1270 1669 neque
1295 1614 1475 1656 universa
1498 1615 1552 1656 ci-

279 1687 403 1737 vitas,
434 1700 518 1741 quo
543 1685 623 1727 fine
647 1686 888 1727 dubitatione
913 1684 1002 1727 freti
1034 1684 1260 1741 supplicium
1293 1684 1487 1727 sumerent
1506 1686 1554 1727 de

277 1755 393 1805 viro,
423 1755 490 1809 qui
514 1755 556 1796 &
579 1754 689 1809 regio
715 1767 856 1808 genere
883 1766 1020 1804 natus,
1042 1753 1084 1794 δι
1104 1753 1257 1794 honore
1286 1766 1433 1807 magno
1458 1764 1554 1794 tunc

278 1827 466 1880 temporis
484 1825 678 1881 praeditus
699 1834 793 1865 erat.
812 1823 1009 1866 Plistarchi
1027 1825 1130 1865 enim
1149 1823 1342 1865 Leonidae
1358 1822 1449 1873 filii,
1463 1836 1554 1864 cum

280 1908 350 1936 rex
377 1895 419 1936 δι
442 1908 540 1950 puer
564 1894 688 1936 adhuc
716 1892 809 1935 effet
831 1894 933 1949 ipse,
960 1894 1030 1949 qui
1052 1895 1137 1935 eius
1165 1904 1249 1936 erat
1270 1892 1550 1943 consobrinus,

281 1966 442 2007 tutelam
468 1966 642 2021 gefferat.
676 1965 862 2007 Ceterum
888 1964 1028 2006 multas
1051 1963 1284 2019 suspiciones
1315 1962 1551 2019 praebebat,

281 2048 372 2077 cum
399 2035 452 2076 ob
484 2049 640 2076 morum
670 2034 937 2083 insolentiam,
957 2043 1041 2074 tum
1065 2033 1181 2073 etiam
1209 2033 1264 2073 ob
1293 2031 1551 2071 barbarorum

277 2103 600 2152 aemulationem,
616 2102 654 2142 se
673 2101 778 2142 nolle
796 2102 836 2141 in
855 2098 1042 2156 praesenti
1060 2112 1191 2140 rerum
1213 2098 1312 2140 statu
1330 2096 1552 2152 acquiesce-

279 2186 345 2215 re:
368 2173 411 2214 &
435 2186 526 2216 cum
552 2171 648 2212 alias
676 2171 758 2212 eius
783 2170 954 2211 afflones
981 2179 1157 2210 accurate
1187 2165 1499 2217 considerabant,
1522 2166 1552 2207 fi

280 2256 361 2297 qua
376 2243 418 2283 in
438 2255 480 2283 re
499 2255 522 2282 a
543 2240 722 2282 moribus
740 2241 907 2294 receptis
922 2239 964 2280 &
979 2240 1110 2294 patriis
1131 2237 1311 2279 institutis
1330 2235 1553 2288 receffiffet,

280 2311 325 2351 ὅτ.
339 2309 461 2351 studia
480 2309 529 2349 ab
540 2308 604 2348 his
621 2307 743 2348 aliena
758 2306 912 2349 secutus
928 2304 1076 2356 fuiss'et3
1091 2316 1177 2346 tum
1195 2305 1311 2346 etiam
1333 2305 1442 2359 quod
1454 2305 1552 2346 olim

280 2378 322 2418 in
343 2377 518 2433 tripode,
536 2377 604 2431 qui
617 2375 780 2430 Delphis
802 2386 906 2425 erat,
919 2388 1036 2429 quem
1055 2374 1199 2417 Graeci
1218 2387 1267 2415 ex
1285 2374 1461 2429 primitiis
1474 2386 1554 2415 ma-

279 2447 486 2490 nubiarum
497 2477 510 2499 ‚
525 2459 550 2488 a
568 2445 694 2488 Medis
710 2444 823 2488 vistis
843 2443 1057 2487 ablatarum
1069 2475 1082 2495 ,
1095 2443 1188 2486 Deo
1212 2443 1455 2494 dicaverant,
1470 2442 1550 2484 hoc
