1670 3094
299 151 394 217 3&
499 142 1371 197 ANNoTATloNEs

299 254 381 289 rat,
407 240 495 295 istud
516 241 639 280 crimen
663 254 733 280 non
759 239 915 280 ohieffari
940 239 984 278 iis
998 267 1011 286 ‚
1034 238 1093 291 qui
1123 237 1265 291 usquam
1291 237 1377 276 alibi
1400 235 1579 290 imperium'

298 296 426 335 habent
442 325 455 344 ,
479 296 612 348 etiamst
636 294 766 348 alioqui
790 296 902 333 minus
928 295 965 332 in
989 293 1091 346 subd.
1118 293 1174 331 At
1200 303 1322 341 verp,
1343 289 1374 330 si
1400 289 1454 330 δι’
1472 289 1513 340 ‘o‘‚
1533 305 1576 331 τε

298 347 528 397 scribamus,
544 359 612 389 aut
642 359 745 389 certe
772 346 871 387 διότι
893 348 1100 387 retinentes
1114 376 1125 393 ‚
1151 358 1227 395 eo,
1248 358 1331 398 quo
1358 344 1459 392 dixi,
1485 357 1575 386 mo-

300 403 355 443 do
376 415 640 458 exponamus,
658 403 711 442 ita
734 401 1039 455 interpretandus
1064 401 1135 440 erit
1159 400 1220 440 hic
1241 399 1376 448 locus,
1395 400 1571 451 Nemoque

301 472 413 497 eorum
436 459 640 510 confiderat‚
655 457 864 510 quamobrem
878 457 968 508 zflud
978 471 1047 495 non
1066 455 1243 495 ebieaetur
1262 454 1308 492 iis
1321 485 1335 501 ,
1355 454 1413 506 qui
1431 452 1575 506 usquam

300 510 380 552 διε.
400 512 552 552 Verum
568 511 611 551 &
626 509 734 550 aliud
751 510 814 549 hic
833 508 1214 549 animadvertendum
1235 506 1316 555 est,
1339 517 1427 547 ante
1451 506 1577 547 verba
1609 527 1619 538 ·

301 565 400 605 haec
423 566 627 617 βιάζεσὲοω
652 566 736 616 ’γᾶς
764 557 817 603 οῖς
845 562 889 603 ἂν
914 561 1006 615 ἐξῇ,
1030 561 1331 602 subaudiendum
1353 560 1467 601 nobis
1498 559 1576 600 effe
1650 564 1654 565 ⁷

298 618 498 666 βιάζονται
521 618 615 672 γάρ.
641 628 686 658 ut
714 617 837 657 totius
862 615 940 657 loci
965 617 1058 656 haec
1091 614 1275 656 sententia
1302 614 1372 664 stt,
1400 615 1576 668 Nemoque

303 687 418 713 eorum
447 675 655 725 confidant,
685 686 746 711 cur
766 671 855 724 istud
883 686 952 710 non
976 671 1088 710 obieel.
1117 670 1191 710 &c.
1218 682 1316 723 atque
1341 670 1439 722 tstam
1470 668 1576 707 lucius

302 727 351 767 rei
372 727 508 779 caustzm
530 725 614 779 effi,
635 728 728 781 quod
749 726 803 764 illi
829 724 902 765 vim
926 723 1080 777 finiant.
1106 726 1163 763 At
1187 724 1264 768 illi,
1290 724 1412 777 quihus
1436 723 1481 775 est
1503 722 1576 761 vim

296 779 455 833 fizciendi
479 781 651 834 potestas,
682 781 819 820 iudIciis
842 779 933 818 nihil
957 778 1093 832 insuper
1117 792 1203 831 opus
1226 777 1361 817 habent.
1387 775 1576 816 Ceterum
1663 809 1670 827 .·

305 835 354 875 de
370 834 471 874 «Mra
493 833 727 889 significante
741 848 823 882 cur,
843 831 946 882 slve,
966 832 1198 887 quamobrem,
1223 829 1320 883 (nifi
1339 830 1469 885 potius
1490 827 1579 870 scri·
1604 851 1607 853 -
1661 832 1670 886 3

305 889 476 930 bendum
500 889 555 929 est
572 888 625 929 «ΙΨ
646 888 687 936 ‘o'‚
708 888 774 936 τι)
800 886 942 928 dicium
956 899 990 926 ,a
1009 899 1070 926 me
1093 884 1165 925 fuit
1184 884 1231 925 ad
1253 897 1288 925 c.
1311 896 1372 936 23.
1397 883 1552 924 STEPH.
1662 893 1670 903 ’

360 944 454 996 Pag.
485 956 570 983 ιιι.
599 944 622 982 l.
648 957 682 982 2.
707 941 803 981 Ὕπδ
820 939 911 995 γοῦν
930 963 976 971 -
993 936 1188 993 ὑπηκόοις)
1211 938 1402 978 stobaeus
1423 951 1461 992 p.
1487 949 1576 987 244.

306 997 375 1039 ubi
402 998 488 1046 ἀεὶ,
511 1010 592 1039 non
613 996 711 1046 αἰεὶ,
736 995 939 1050 quomodo
963 995 1005 1035 &
1023 986 1110 1034 ΜΠ.
1132 995 1278 1033 WAss.

362 1055 437 1092 ead.
472 1052 500 1093 l.
531 1066 569 1105 9.
588 1047 763 1101 ’Άμικται
793 1052 875 1104 ’γᾶς
905 1048 1004 1089 τίνι-ε
1031 1047 1138 1100 &c.)
1170 1047 1228 1087 Sc.
1252 1047 1360 1099 vestm
1389 1044 1477 1085 enim
1501 1045 1580 1084 iura
1656 1036 1662 1094 ζ

305 1120 382 1146 cum
398 1107 480 1145 a'liis
494 1121 563 1146 non
576 1106 845 1146 communicatis.
864 1103 983 1144 Tanti
1002 1101 1168 1143 civitatis
1191 1101 1249 1141 ius
1269 1099 1466 1154 Spartanis
1485 1096 1582 1146 fuit,

304 1171 351 1200 ut
373 1160 411 1200 id
437 1158 560 1214 ipsum
581 1159 724 1199 nemini
747 1157 1093 1205 communicarint‚
1123 1154 1192 1195 nisi
1216 1165 1390 1195 extrema
1416 1162 1580 1206 urgente

306 1213 535 1255 necestitate.
557 1214 660 1255 Vide
687 1211 846 1254 Meurfii
863 1210 1021 1252 Miscell.
1042 1210 1183 1250 Lacon.
1207 1207 1232 1249 l.
1259 1223 1307 1258 4,
1327 1221 1362 1249 c.
1391 1220 1463 1256 10,
1484 1219 1577 1261 pag.

308 1268 400 1310 288.
432 1269 570 1308 Huns.

351 1326 439 1363 ead.
457 1323 482 1362 l.
512 1336 569 1372 14.
589 1319 660 1362 Τοῦ
681 1320 727 1360 ἓὲ
753 1319 922 1372 πολέμου
945 1341 992 1350 -
1013 1315 1321 1371 περιΐστασθαι)
1337 1314 1526 1356 stobaeus
1542 1327 1583 1368 p.

312 1388 399 1428 352.
424 1376 492 1417 ubi
520 1376 564 1416 &
588 1379 631 1417 τὺ
660 1378 913 1429 παράλογον,
942 1373 1040 1414 ἕσαν.
1065 1371 1128 1412 sed
1155 1382 1238 1411 non
1261 1371 1313 1410 ita
1344 1369 1475 1409 Attici.
1499 1368 1578 1409 vid.

308 1431 386 1472 Th.
408 1429 648 1485 Magistrum.
668 1433 735 1469 Tou
756 1428 985 1483 παράλογον
1009 1427 1126 1467 habet
1150 1424 1279 1466 Schol.
1305 1423 1347 1464 &
1365 1422 1493 1463 noster
1511 1421 1580 1462 ali-
1650 1431 1652 1434 ·

306 1485 350 1527 bi
365 1516 377 1535 ,
400 1485 628 1526 notantibus
648 1483 825 1525 Gramm.
851 1493 948 1523 vett.
970 1479 1101 1529 Philo,
1118 1478 1309 1520 Plutarch.
1329 1477 1383 1518 D.
1406 1477 1495 1517 Hal.
1511 1476 1580 1516 Io-

307 1537 411 1594 seph.
428 1550 593 1593 utraque
609 1538 749 1580 forma.
762 1536 996 1591 ’ποιρέιλογος
1014 1534 1136 1574 πολὺς
1148 1532 1290 1574 Pollux
1305 1531 1358 1581 Π,
1381 1544 1396 1570 1
1407 1544 1465 1584 19.
1484 1530 1584 1571 Dio-

309 1593 395 1639 dor.
421 1594 464 1635 &
488 1593 565 1635 los.
586 1595 642 1633 τὰ.
659 1592 894 1644 παράλογοι.
916 1588 1185 1643 Προθιέιγνωτε
1211 1586 1316 1627 τεξὶε
1341 1585 1466 1626 servat
1489 1584 1581 1625 Sto-

309 1648 440 1688 baeus.
467 1649 615 1688 WAss.
647 1647 772 1686 Etiam
803 1645 958 1690 Suidas,
982 1645 1022 1686 δι
1051 1656 1101 1682 ex
1121 1655 1171 1682 eo
1199 1638 1398 1682 Scholiast.
1423 1639 1586 1679 Luciani

310 1703 358 1742 ad
380 1701 559 1743 Abdicat.
585 1714 636 1742 ex
655 1701 694 1740 h.
711 1701 736 1740 l.
755 1698 925 1739 afferunt
949 1697 1018 1738 τοῦ
1045 1699 1215 1747 πολέμου
1243 1697 1307 1735 τὶν
1324 1695 1554 1747 παράλογον
1570 1707 1584 1733 τ

310 1757 419 1810 quod
443 1757 494 1796 ita
516 1755 659 1796 dictum
678 1755 753 1803 est,
774 1763 818 1794 ut
838 1752 938 1807 supr.
957 1765 1042 1806 cap.
1070 1763 1087 1805 5
1112 1753 1174 1790 τὴν
1197 1747 1379 1788 πλεῖστον
1394 1745 1462 1786 τοῦ
1486 1745 1580 1793 βίον.

309 1811 362 1851 H.
380 1810 510 1865 Steph.
535 1811 575 1850 in
592 1809 768 1864 Append.
787 1807 904 1848 Thes.
922 1820 959 1861 p.
987 1819 1061 1858 ¹57
1085 1803 1236 1852 scribit,
1256 1802 1333 1843 Th.
1354 1799 1583 1854 Magistrum

308 1866 445 1920 potius
478 1863 644 1905 debuiffe
675 1864 798 1903 dicere
830 1860 846 1900 ὁ
877 1859 1105 1913 παράλογος
1143 1856 1220 1898 effe
1249 1856 1586 1908 Thucydideum,

312 1933 430 1972 quam
453 1918 648 1959 Atticum:
670 1918 760 1971 quia
788 1915 927 1956 Pollux
953 1915 1056 1954 hunc
1077 1910 1190 1953 usum
1211 1923 1293 1951 non
1319 1909 1387 1951 alii
1413 1908 1587 1958 tribuat,

340 1987 430 2013 uam
453 1972 698 2025 Thucydidi;
716 1970 822 2026 quod
853 1969 1011 2008 minime
1042 1966 1214 2007 facturus
1235 1963 1346 2006 fuiffe
1378 1963 1586 2010 videanlr,

329 2043 342 2067 1
370 2027 508 2068 ceteris
528 2027 669 2067 Atticis
701 2038 793 2067 cum
818 2022 1051 2075 Thucydide
1078 2020 1298 2062 communis
1318 2015 1455 2058 fuiffet.
1484 2015 1587 2059 Mihi

311 2093 395 2121 non
421 2091 598 2121 accurate
617 2079 845 2120 ratiocinari
867 2077 1021 2118 videtur
1042 2074 1273 2129 Stephanus.
1295 2072 1397 2112 Nam
1422 2083 1473 2111 ex
1502 2082 1553 2110 eo
1569 2099 1587 2119 ‚

312 2135 422 2188 quod
457 2134 595 2174 Pollux
628 2133 851 2185 Thucydidi
881 2132 984 2171 hunc
1017 2128 1129 2170 usum
1156 2127 1291 2167 tribuit
1307 2155 1321 2175 ‚
1351 2137 1434 2165 non
1465 2123 1588 2177 magis

314 2188 459 2229 confici
479 2187 626 2243 potest,
653 2201 742 2228 eum
764 2185 888 2227 solum
913 2183 965 2225 fic
986 2183 1182 2230 locutum,
1210 2192 1327 2235 quam
1356 2177 1587 2232 Aristopha-

314 2244 378 2292 ni,
389 2240 538 2283 I’latoni
550 2272 561 2291 ‚
576 2241 794 2281 Menandro
806 2271 821 2288 ,
836 2237 878 2280 &
895 2238 1028 2278 multis
1049 2237 1131 2276 aliis
1149 2236 1303 2290 propria
1323 2231 1432 2273 fuiffe
1449 2232 1587 2272 omnia

317 2296 517 2338 vocabula
530 2295 582 2347 .&
602 2293 788 2349 loquendi
811 2305 972 2347 genera,
992 2291 1134 2345 quibus
1161 2301 1231 2330 eos
1253 2286 1346 2329 usos
1371 2285 1483 2326 fuiffe
1510 2284 1588 2326 sae-

315 2365 365 2407 pe
390 2351 479 2391 dicit
500 2349 652 2390 Pollux.
694 2352 704 2359 ’
1623 2383 1625 2386 .

373 2407 462 2459 Pag.
484 2417 573 2444 112.
597 2404 622 2442 l.
656 2415 689 2455 5.
714 2400 792 2441 Τῶν
822 2398 963 2455 ἔργων)
987 2397 1092 2440 Vide
1124 2408 1200 2438 nos
1222 2394 1271 2437 ad
1296 2392 1515 2437 Sallustium
1543 2390 1586 2433 in
1622 2411 1630 2443 g

318 2460 496 2508 oratione
512 2457 658 2500 Marii.
680 2457 828 2499 WAss.
