1670 3094
300 170 397 236 3&
499 154 1370 228 ANNOTATIONES

308 287 312 291 ,
357 262 434 300 ead.
457 259 481 298 l.
510 272 572 314 13.
598 258 837 314 Γογγύλου)
858 261 951 301 Vid.
976 260 1146 302 Diodor.
1162 275 1248 316 pag.
1274 265 1348 316 265
1372 276 1407 304 a.
1426 264 1575 306 WAss.

358 315 453 366 Pag.
483 314 568 354 180.
591 314 617 354 l.
649 330 686 363 4.
704 315 850 366 Γνώμην
877 314 1061 367 ποιοῦμαι
1087 316 1191 370 διε.)
1213 318 1288 365 Hic
1308 318 1418 358 tertia
1445 318 1577 372 perso-

300 380 354 407 na
373 369 495 408 utitur
518 369 640 409 Corn.
668 370 826 423 Nep05‚
845 369 912 422 qui
931 379 1052 409 totam
1077 369 1175 411 hanc
1193 371 1224 410 E
1255 370 1402 411 istolam
1425 372 1470 412 &
1490 372 1578 412 reli-

298 435 397 475 qua,
407 435 508 475 quae
522 422 692 476 speciant
708 423 755 462 ad
770 423 992 463 Pausaniam
1017 424 1058 463 δι
1071 424 1212 464 Themi
1246 425 1386 474 oclem,
1399 438 1450 465 ex
1466 425 1577 466 Thu-

299 476 446 528 cydide
473 475 687 530 descripsit,
714 477 757 517 &
788 477 837 516 ad
858 477 1025 517 verbum
1058 475 1137 518 fere
1161 480 1292 519 vertit.
1324 479 1463 519 Huns.
1493 479 1579 520 Ste-
1666 469 1670 494 ³

301 530 454 584 phanus
472 541 623 584 praeter
637 543 683 569 ea
697 560 709 578 ‚
730 543 832 583 quae
854 543 902 570 ex
926 530 1027 571 iliius
1049 531 1315 573 Annotatione
1333 533 1381 573 de
1401 533 1581 584 ἀποπέμ-
1665 525 1670 576 ἓ

300 598 370 623 σει
389 585 429 623 in
452 585 551 624 Var.
568 583 673 624 Lech
693 583 873 623 describit
895 583 1017 624 Huds.
1039 584 1134 626 haec
1158 600 1320 640 quoque
1341 586 1474 628 habet:
1496 588 1579 627 Ne-

302 650 384 691 que
398 648 530 678 tamen
549 637 776 677 mutationis
794 636 981 699 personae
994 639 1130 679 tertiae
1150 640 1191 679 in
1212 641 1377 694 primam
1399 641 1580 695 exempla

301 692 470 732 inveniri
483 693 624 745 ignoro
636 722 648 740 ‚
662 689 726 731 sed
741 690 884 731 talibus
903 691 943 730 in
967 691 1063 732 locis
1084 705 1170 733 eam
1211 695 1352 741 ermitti
1367 707 1450 735 non
1464 707 1576 749 puto.

360 749 438 786 ead.
455 746 482 785 l.
500 760 540 797 7.
566 745 603 785 Εἰ
622 739 682 786 οὖν
699 759 738 785 τι
765 744 807 785 σὲ
830 744 971 789 τούτων
991 746 1160 800 ἀρέσκει)
1207 749 1242 788 ic
1259 747 1459 803 Euripides
1476 750 1579 803 Hip-

304 799 387 854 pol.
413 814 454 840 v.
482 800 584 848 184,
603 796 696 840 0334
725 799 764 839 α’
785 798 935 853 ἀρέσκει
961 800 1003 838 τὸ
1030 800 1164 853 παρόν.
1191 801 1317 843 Orest.
1343 815 1385 842 v.
1410 815 1509 852 210,
1536 798 1578 843 οὗ

303 855 392 907 ’7⁶24'
413 853 456 906 μ’
485 853 647 907 ἀρέσκει.
664 853 714 894 Et
738 866 828 894 cum
851 854 1008 904 dativo,
1028 853 1110 906 ἐμοὶ
1140 855 1289 909 ἀρέσκει
1317 856 1508 898 Heraclid.
1533 871 1578 897 v.
1656 909 1658 911 ‚

305 922 400 962 372.
422 908 649 948 SPANHEM.

360 965 437 1002 ead.
460 962 485 1002 l.
515 962 553 1002 8.
579 961 820 1011 Θάλασσαν)
852 960 1070 1002 Θάληττοιν
1095 958 1222 1003 Schol.
1253 961 1384 1005 Aristo
1412 963 1449 1004 h.
1472 963 1581 1016 >Plut.
1656 951 1657 954 Ἴ

303 1015 371 1070 69.
386 1025 426 1056 at
442 1016 514 1056 hac
531 1015 659 1056 forma
671 1015 801 1056 noster
820 1016 894 1056 vix
919 1015 1039 1056 ullibi.
1055 1018 1202 1058 WAss.
1225 1017 1371 1070 Thucy
1397 1018 1496 1064 'dem
1511 1031 1580 1061 ne·
1606 1015 1610 1019 ⁵

306 1083 389 1123 que
409 1070 449 1110 in
473 1070 550 1110 hoc
563 1101 576 1119 ,
600 1083 729 1124 neque
749 1069 787 1109 in
817 1069 902 1110 aliis
922 1070 1153 1123 quibusdam
1172 1071 1399 1121 vocabulis,
1421 1073 1580 1126 gemino
1654 1079 1656 1082 ’

306 1139 336 1163 τ
356 1125 437 1174 uti,
456 1134 623 1164 annotat
642 1137 665 1164 e
682 1123 845 1164 vetustis
863 1123 1133 1173 Grammaticis
1152 1122 1324 1166 Eustath.
1343 1126 1394 1165 ad
1411 1127 1579 1167 Homer»

304 1178 354 1218 11.
383 1178 431 1227 κ’,
451 1193 489 1232 p.
511 1177 601 1230 813.
623 1177 724 1218 Add.
744 1178 810 1218 Ste
838 1176 928 1218 han.
950 1177 1051 1232 supr.
1073 1178 1120 1218 ad
1143 1192 1227 1233 cap.
1249 1193 1310 1220 20.
1330 1179 1382 1220 Σὲ
1405 1178 1578 1234 ἀρέσκει,

305 1246 384 1287 pro
416 1233 472 1274 σο)
486 1261 499 1278 ,
517 1231 742 1273 Atticorum
765 1245 787 1272 e
817 1245 840 1272 e
862 1243 1022 1272 annotat
1048 1231 1176 1273 Schol.
1204 1233 1449 1288 Aristophan.
1479 1234 1577 1275 Plut.

302 1300 333 1341 ,3
343 1299 402 1340 5—3.
427 1287 532 1327 Ran.
562 1299 649 1338 ¹03·
669 1285 865 1326 Scholiast.
890 1286 1062 1327 Theocr.
1091 1286 1139 1327 ad
1157 1286 1176 1326 Ι
1197 1286 1311 1340 Idyn.
1334 1288 1411 1335 61,
1436 1287 1480 1328 δι
1497 1288 1581 1329 Co-

307 1341 428 1382 rinth.
456 1342 497 1380 in
520 1333 649 1381 libello
668 1340 716 1381 de
737 1339 935 1381 Dialectis.
962 1340 1054 1383 Vid.
1079 1340 1288 1396 Spanhem.
1313 1341 1361 1382 ad
1381 1341 1582 1397 Aristoph-

306 1396 409 1437 Plut.
434 1408 479 1448 35
490 1408 522 1448 3.

366 1453 443 1490 ead.
467 1450 494 1490 l.
521 1461 581 1489 12.
601 1447 873 1503 Δασκυλῖτιν)
896 1426 1185 1498 Δασκύλείτιν,
1204 1447 1311 1503 quod
1335 1448 1392 1491 est
1415 1449 1455 1489 in
1476 1449 1578 1504 Reg.
1648 1435 1652 1465 J

310 1503 478 1547 fortaffis
500 1502 627 1558 potest
652 1501 727 1543 effe
762 1515 786 1542 a
809 1502 1046 1543 Δασκύλειον
1063 1531 1075 1551 ,
1103 1503 1439 1557 quemadmodum·
1453 1503 1582 1545 Ptole-

310 1570 467 1608 maeus,
489 1557 652 1604 Strabo,
673 1557 716 1597 δι
736 1556 866 1611 Steph.
889 1557 930 1596 in
954 1555 1126 1610 Βρὺλλιον
1145 1556 1246 1598 hanc
1266 1557 1403 1598 urbem
1423 1568 1583 1600 vocant.

301 1615 388 1663 ¹¹Se‘cl
420 1611 659 1666 frequentius
686 1609 741 1650 est
762 1610 978 1652 Δασκύλιον
991 1640 1004 1659 ,
1031 1611 1134 1651 unde
1155 1610 1308 1665 gentilia
1339 1613 1583 1652 Δασκυλίτις

311 1669 357 1709 &
381 1665 640 1708 Δασκυλῖτις.
659 1664 750 1706 Vid.
775 1678 878 1719 quae
901 1674 1140 1705 annotantur
1162 1665 1211 1705 ad
1231 1665 1411 1720 Stephan.
1435 1679 1478 1708 v.
1496 1672 1580 1707 Δει-

310 1733 476 1764 cnvmo'v.

367 1777 461 1828 Pag.
489 1773 574 1814 181.
591 1773 618 1813 l.
640 1787 679 1824 7.
701 1771 880 1814 Κείσετσιί
901 1788 959 1814 σοι
983 1767 1124 1827 εὔεργ.)
1147 1773 1239 1814 Hoc
1256 1772 1356 1814 idem
1377 1747 1456 1823 est,
1478 1786 1526 1815 ac
1550 1773 1582 1814 fi
1644 1769 1646 1771 ’

313 1829 488 1878 dixiffet‚
519 1824 723 1881 εὐεργέτης
747 1823 1029 1882 ἀναγραφῧήσῃ
1061 1830 1128 1867 καὶ
1156 1823 1320 1877 κληθήσῃ
1351 1827 1387 1869 ἐν
1407 1827 1462 1878 τῷ
1490 1824 1583 1880 ἕνμε-

313 1885 406 1938 τέρῳ
428 1885 525 1933 οὶκῳ.
550 1882 654 1922 Nam
673 1883 743 1936 qui
763 1882 810 1922 de
831 1894 923 1935 rege
947 1882 990 1922 &
1011 1893 1134 1934 regno
1155 1879 1353 1921 Persarum
1377 1881 1476 1922 bene
1499 1894 1583 1922 me-

304 1941 379 1979 ,riti
396 1947 526 1987 erant,
543 1935 796 1989 Ὀροσίιγγοιι
818 1936 866 1976 ab
887 1936 934 1976 iis
956 1935 1184 1975 dicebantur
1206 1930 1431 1988 (εὐεργέται
1455 1934 1583 1976 Grae-

314 1995 365 2034 ci.
380 1990 562 2044 Vertere)
589 1989 633 2030 &
652 2002 791 2030 eorum
824 1990 982 2030 nomina
1005 1989 1201 2030 codicibus
1229 1989 1346 2042 regiis
1366 1988 1583 2029 insereban-

309 2058 405 2094 .tur;
429 2056 472 2086 ut
492 2057 566 2084 nos
585 2043 678 2085 sacri
699 2044 742 2084 δι
763 2042 1138 2097 profaniscriptores
1156 2043 1309 2083 docent.
1330 2043 1434 2084 Vide
1454 2043 1583 2083 Hero-

317 2102 454 2142 dotum
469 2130 481 2148 ,
500 2099 523 2137 l.
553 2111 570 2151 5
586 2128 599 2147 ,
618 2098 661 2138 δι
679 2097 703 2136 8
717 2128 729 2147 ,
747 2099 790 2138 &
809 2111 841 2138 c.
863 2099 887 2138 6
913 2097 977 2137 lib.
997 2095 1187 2137 Estherae.
1206 2097 1345 2138 HUDS.
1365 2095 1442 2136 Pro
1462 2098 1580 2136 κείσε-

316 2170 386 2196 ται
417 2152 495 2194 Th.
517 2152 624 2204 Mag.
645 2151 772 2191 κεῖται
793 2165 835 2192 ν.
859 2151 932 2195 ἀεί.
957 2151 1065 2191 bene.
1088 2149 1176 2191 ΜΠ.
1198 2150 1241 2190 &
1262 2149 1390 2191 Schol.
1420 2163 1443 2190 a
1468 2161 1580 2191 textu

316 2209 443 2256 stant,
468 2215 512 2246 ut
536 2218 585 2245 ex
617 2202 781 2254 κληθήσῃ
810 2215 927 2259 patet.
950 2207 1096 2245 WAss.
1117 2204 1182 2245 Ad
1205 2216 1278 2253 ea,
1302 2216 1403 2257 quae
1425 2203 1488 2244 hic
1512 2217 1583 2244 an-

317 2273 430 2305 notat
453 2258 573 2301 Huds.
599 2258 681 2298 add.
708 2257 870 2298 Briffon.
897 2258 979 2299 Lib.
1005 2259 1024 2298 I
1049 2259 1096 2299 de
1124 2258 1266 2310 Regno
1287 2255 1428 2299 Persar.
1449 2271 1487 2312 p.
1506 2271 1584 2313 935

318 2315 476 2362 Herald.
494 2314 515 2354 I
535 2310 746 2357 Adversar.
768 2325 819 2365 93
845 2312 886 2352 δι
907 2312 1025 2353 Grot.
1049 2313 1096 2352 ad
1113 2311 1258 2352 Esther.
1274 2311 1360 2359 VI,
1383 2325 1416 2351 1.

310 2413 315 2418 ,
376 2372 470 2424 Pag.
494 2365 580 2408 ¹82.
600 2367 625 2406 l.
649 2379 684 2419 3.
709 2364 842 2415 Πολλῷ
855 2363 944 2405 τότε
953 2365 1121 2419 μᾶλλον)
1140 2367 1270 2405 Antea
1284 2365 1469 2406 edebatur
1485 2376 1584 2405 πολ.-
1635 2342 1639 2360 ³

322 2425 382 2476 λῷ
406 2425 557 2477 μᾶλλον
576 2419 674 2460 τότε.
697 2420 844 2460 WAss.
870 2420 1139 2469 Πλαταιᾶσιν,
1162 2418 1271 2473 quod
1291 2417 1345 2459 est
1364 2419 1406 2459 in
1425 2418 1522 2474 Reg-
1539 2419 1583 2460 &

309 2478 423 2526 ‚Caffi
445 2489 528 2520 non
545 2472 789 2534 reficiendum
810 2473 976 2534 yidetur9
993 2473 1098 2516 Nam
1117 2472 1300 2519 adverbia
1320 2486 1343 2515 a
1362 2472 1584 2517 nominibus

1665 578 1670 650 ἐ

1664 654 1670 717 ἰ
