<?xml version="1.0" encoding="UTF-8"?>
<!DOCTYPE html PUBLIC "-//W3C//DTD XHTML 1.0 Transitional//EN"
    "http://www.w3.org/TR/xhtml1/DTD/xhtml1-transitional.dtd">
<html xmlns="http://www.w3.org/1999/xhtml" xml:lang="en" lang="en">
 <head>
  <title>
</title>
<meta http-equiv="Content-Type" content="text/html;charset=utf-8" />
  <meta name='ocr-system' content='tesseract 3.04.00' />
  <meta name='ocr-capabilities' content='ocr_page ocr_carea ocr_par ocr_line ocrx_word'/>
</head>
<body>
  <div class='ocr_page' id='page_1' title='image "./debellopeloponn01thucuoft_0054.png"; bbox 0 0 1670 3094; ppageno 0'>
   <div class='ocr_carea' id='block_1_1' title="bbox 261 212 1251 265">
    <p class='ocr_par' dir='ltr' id='par_1_1' title="bbox 261 212 1251 265">
     <span class='ocr_line' id='line_1_1' title="bbox 261 212 1251 265; baseline -0.003 0"><span class='ocrx_word' id='word_1_1' title='bbox 261 227 402 265; x_wconf 62' lang='grc' dir='ltr'>κων</span> <span class='ocrx_word' id='word_1_2' title='bbox 560 212 1251 263; x_wconf 86' lang='lat' dir='ltr'><em>THUCYDIDIS</em></span> 
     </span>
    </p>
   </div>
   <div class='ocr_carea' id='block_1_2' title="bbox 253 302 1539 2045">
    <p class='ocr_par' dir='ltr' id='par_1_2' title="bbox 257 302 1539 1396">
     <span class='ocr_line' id='line_1_2' title="bbox 261 302 1538 361; baseline -0.001 -14"><span class='ocrx_word' id='word_1_3' title='bbox 261 305 378 348; x_wconf 85' lang='lat' dir='ltr'>filius.</span> <span class='ocrx_word' id='word_1_4' title='bbox 403 303 564 361; x_wconf 88' lang='lat' dir='ltr'><strong>Cypseli</strong></span> <span class='ocrx_word' id='word_1_5' title='bbox 578 307 683 347; x_wconf 91' lang='lat' dir='ltr'>enim</span> <span class='ocrx_word' id='word_1_6' title='bbox 705 319 831 356; x_wconf 85' lang='lat' dir='ltr'>uxor,</span> <span class='ocrx_word' id='word_1_7' title='bbox 853 317 975 347; x_wconf 87' lang='lat' dir='ltr'>mater</span> <span class='ocrx_word' id='word_1_8' title='bbox 996 306 1197 356; x_wconf 84' lang='lat' dir='ltr'>Miltiadis,</span> <span class='ocrx_word' id='word_1_9' title='bbox 1225 302 1322 360; x_wconf 91' lang='lat' dir='ltr'>(qui</span> <span class='ocrx_word' id='word_1_10' title='bbox 1343 302 1538 346; x_wconf 65' lang='lat' dir='ltr'>moriebar:</span> 
     </span>
     <span class='ocr_line' id='line_1_3' title="bbox 261 358 1536 414; baseline -0.001 -13"><span class='ocrx_word' id='word_1_11' title='bbox 261 370 335 401; x_wconf 83' lang='lat' dir='ltr'>tur·</span> <span class='ocrx_word' id='word_1_12' title='bbox 350 362 497 411; x_wconf 65' lang='grc' dir='ltr'>ἅπαις,</span> <span class='ocrx_word' id='word_1_13' title='bbox 519 371 563 400; x_wconf 94' lang='lat' dir='ltr'>ut</span> <span class='ocrx_word' id='word_1_14' title='bbox 584 360 735 402; x_wconf 87' lang='lat' dir='ltr'>constat</span> <span class='ocrx_word' id='word_1_15' title='bbox 749 374 799 401; x_wconf 85' lang='lat' dir='ltr'>ex</span> <span class='ocrx_word' id='word_1_16' title='bbox 819 362 1050 411; x_wconf 89' lang='lat' dir='ltr'>Herodoto,</span> <span class='ocrx_word' id='word_1_17' title='bbox 1074 361 1099 400; x_wconf 89' lang='lat' dir='ltr'>l.</span> <span class='ocrx_word' id='word_1_18' title='bbox 1123 362 1147 401; x_wconf 93' lang='lat'><strong>6</strong></span> <span class='ocrx_word' id='word_1_19' title='bbox 1161 392 1173 408; x_wconf 88' lang='lat'>,</span> <span class='ocrx_word' id='word_1_20' title='bbox 1191 374 1226 401; x_wconf 90' lang='lat' dir='ltr'>c.</span> <span class='ocrx_word' id='word_1_21' title='bbox 1251 359 1331 414; x_wconf 83' lang='lat'>38.)</span> <span class='ocrx_word' id='word_1_22' title='bbox 1360 358 1536 414; x_wconf 88' lang='lat' dir='ltr'>Cypselo</span> 
     </span>
     <span class='ocr_line' id='line_1_4' title="bbox 261 414 1535 468; baseline -0.001 -13"><span class='ocrx_word' id='word_1_23' title='bbox 261 425 450 464; x_wconf 85' lang='lat' dir='ltr'>mortuo,</span> <span class='ocrx_word' id='word_1_24' title='bbox 474 415 588 455; x_wconf 91' lang='lat' dir='ltr'>nubit</span> <span class='ocrx_word' id='word_1_25' title='bbox 611 414 859 468; x_wconf 85' lang='lat' dir='ltr'>Stesagorae,</span> <span class='ocrx_word' id='word_1_26' title='bbox 884 414 966 456; x_wconf 85' lang='lat' dir='ltr'>five</span> <span class='ocrx_word' id='word_1_27' title='bbox 983 415 1217 468; x_wconf 85' lang='lat' dir='ltr'>Tisagorae,</span> <span class='ocrx_word' id='word_1_28' title='bbox 1235 426 1280 454; x_wconf 95' lang='lat' dir='ltr'>ut</span> <span class='ocrx_word' id='word_1_29' title='bbox 1303 426 1394 454; x_wconf 89' lang='lat' dir='ltr'>eum</span> <span class='ocrx_word' id='word_1_30' title='bbox 1414 423 1535 454; x_wconf 87' lang='lat' dir='ltr'>vocat</span> 
     </span>
     <span class='ocr_line' id='line_1_5' title="bbox 262 467 1537 523; baseline -0.003 -13"><span class='ocrx_word' id='word_1_31' title='bbox 262 468 440 510; x_wconf 87' lang='lat' dir='ltr'>Aristidis</span> <span class='ocrx_word' id='word_1_32' title='bbox 461 468 589 509; x_wconf 90' lang='lat' dir='ltr'>Schol.</span> <span class='ocrx_word' id='word_1_33' title='bbox 627 469 699 520; x_wconf 91' lang='lat' dir='ltr'>(Id</span> <span class='ocrx_word' id='word_1_34' title='bbox 725 469 828 508; x_wconf 88' lang='lat' dir='ltr'>enim</span> <span class='ocrx_word' id='word_1_35' title='bbox 856 481 907 508; x_wconf 84' lang='lat' dir='ltr'>ex</span> <span class='ocrx_word' id='word_1_36' title='bbox 937 481 987 508; x_wconf 93' lang='lat' dir='ltr'>eo</span> <span class='ocrx_word' id='word_1_37' title='bbox 1013 468 1157 523; x_wconf 87' lang='lat' dir='ltr'>liquet,</span> <span class='ocrx_word' id='word_1_38' title='bbox 1187 468 1296 522; x_wconf 91' lang='lat' dir='ltr'>quod</span> <span class='ocrx_word' id='word_1_39' title='bbox 1323 467 1537 508; x_wconf 84' lang='lat' dir='ltr'><strong>Cimonem</strong></span> 
     </span>
     <span class='ocr_line' id='line_1_6' title="bbox 262 521 1539 577; baseline -0.002 -14"><span class='ocrx_word' id='word_1_40' title='bbox 262 523 449 564; x_wconf 81' lang='lat' dir='ltr'>Miltiadis</span> <span class='ocrx_word' id='word_1_41' title='bbox 467 523 571 563; x_wconf 89' lang='lat' dir='ltr'>tertii</span> <span class='ocrx_word' id='word_1_42' title='bbox 597 533 746 577; x_wconf 84' lang='lat' dir='ltr'>patrem</span> <span class='ocrx_word' id='word_1_43' title='bbox 759 552 772 571; x_wconf 93' lang='lat'>‚</span> <span class='ocrx_word' id='word_1_44' title='bbox 799 521 1023 576; x_wconf 70' lang='lat' dir='ltr'>Stesagome</span> <span class='ocrx_word' id='word_1_45' title='bbox 1041 523 1195 576; x_wconf 90' lang='lat' dir='ltr'>quidem</span> <span class='ocrx_word' id='word_1_46' title='bbox 1215 521 1340 563; x_wconf 89' lang='lat' dir='ltr'>filium</span> <span class='ocrx_word' id='word_1_47' title='bbox 1355 552 1367 571; x_wconf 94' lang='lat'><strong>,</strong></span> <span class='ocrx_word' id='word_1_48' title='bbox 1390 521 1539 561; x_wconf 85' lang='lat' dir='ltr'>Miltia-</span> 
     </span>
     <span class='ocr_line' id='line_1_7' title="bbox 261 575 1536 630; baseline -0.001 -13"><span class='ocrx_word' id='word_1_49' title='bbox 261 577 334 618; x_wconf 89' lang='lat' dir='ltr'>dae</span> <span class='ocrx_word' id='word_1_50' title='bbox 359 589 460 617; x_wconf 88' lang='lat' dir='ltr'>vero</span> <span class='ocrx_word' id='word_1_51' title='bbox 486 577 647 630; x_wconf 70' lang='lat' dir='ltr'>Cypseli</span> <span class='ocrx_word' id='word_1_52' title='bbox 668 575 825 616; x_wconf 86' lang='lat' dir='ltr'>fratrem</span> <span class='ocrx_word' id='word_1_53' title='bbox 851 577 1044 616; x_wconf 90' lang='lat' dir='ltr'>uterinum</span> <span class='ocrx_word' id='word_1_54' title='bbox 1076 575 1184 617; x_wconf 78' lang='lat' dir='ltr'>fuisse</span> <span class='ocrx_word' id='word_1_55' title='bbox 1205 576 1323 616; x_wconf 82' lang='lat' dir='ltr'>tradit</span> <span class='ocrx_word' id='word_1_56' title='bbox 1348 575 1536 616; x_wconf 87' lang='lat' dir='ltr'>Herodo-</span> 
     </span>
     <span class='ocr_line' id='line_1_8' title="bbox 260 627 1537 685; baseline -0.002 -14"><span class='ocrx_word' id='word_1_57' title='bbox 260 640 325 671; x_wconf 83' lang='lat' dir='ltr'>tus</span> <span class='ocrx_word' id='word_1_58' title='bbox 349 630 374 670; x_wconf 94' lang='lat' dir='ltr'>l.</span> <span class='ocrx_word' id='word_1_59' title='bbox 393 632 442 680; x_wconf 93' lang='lat'>6,</span> <span class='ocrx_word' id='word_1_60' title='bbox 463 643 496 671; x_wconf 92' lang='lat' dir='ltr'>c.</span> <span class='ocrx_word' id='word_1_61' title='bbox 519 630 583 684; x_wconf 85' lang='lat'>38.</span> <span class='ocrx_word' id='word_1_62' title='bbox 611 630 739 683; x_wconf 84' lang='lat' dir='ltr'>Quod</span> <span class='ocrx_word' id='word_1_63' title='bbox 767 628 852 669; x_wconf 88' lang='lat' dir='ltr'>fieri</span> <span class='ocrx_word' id='word_1_64' title='bbox 875 642 956 670; x_wconf 93' lang='lat' dir='ltr'>non</span> <span class='ocrx_word' id='word_1_65' title='bbox 981 631 1130 685; x_wconf 90' lang='lat' dir='ltr'>potuit,</span> <span class='ocrx_word' id='word_1_66' title='bbox 1153 628 1223 669; x_wconf 88' lang='lat' dir='ltr'>nifi</span> <span class='ocrx_word' id='word_1_67' title='bbox 1241 627 1402 684; x_wconf 87' lang='lat' dir='ltr'>Cypseli</span> <span class='ocrx_word' id='word_1_68' title='bbox 1431 641 1537 669; x_wconf 85' lang='lat' dir='ltr'>uxor</span> 
     </span>
     <span class='ocr_line' id='line_1_9' title="bbox 261 682 1537 745; baseline -0.001 -20"><span class='ocrx_word' id='word_1_69' title='bbox 261 697 313 725; x_wconf 87' lang='lat' dir='ltr'>eo</span> <span class='ocrx_word' id='word_1_70' title='bbox 334 696 496 725; x_wconf 90' lang='lat' dir='ltr'>mortuo</span> <span class='ocrx_word' id='word_1_71' title='bbox 522 682 747 738; x_wconf 87' lang='lat' dir='ltr'>Stesagorae</span> <span class='ocrx_word' id='word_1_72' title='bbox 771 682 978 745; x_wconf 79' lang='lat' dir='ltr'>nupserit.)</span> <span class='ocrx_word' id='word_1_73' title='bbox 1009 683 1234 738; x_wconf 42' lang='lat' dir='ltr'>Stesagoras*</span> <span class='ocrx_word' id='word_1_74' title='bbox 1254 696 1304 724; x_wconf 82' lang='lat' dir='ltr'>ex</span> <span class='ocrx_word' id='word_1_75' title='bbox 1329 694 1377 723; x_wconf 88' lang='lat' dir='ltr'>ea</span> <span class='ocrx_word' id='word_1_76' title='bbox 1396 682 1537 724; x_wconf 86' lang='lat' dir='ltr'>Cimo-</span> 
     </span>
     <span class='ocr_line' id='line_1_10' title="bbox 261 735 1535 792; baseline -0.001 -13"><span class='ocrx_word' id='word_1_77' title='bbox 261 751 352 779; x_wconf 87' lang='lat' dir='ltr'>nem</span> <span class='ocrx_word' id='word_1_78' title='bbox 371 738 556 792; x_wconf 86' lang='lat' dir='ltr'>suscepit,</span> <span class='ocrx_word' id='word_1_79' title='bbox 570 741 642 792; x_wconf 89' lang='lat' dir='ltr'>qui</span> <span class='ocrx_word' id='word_1_80' title='bbox 663 738 718 778; x_wconf 88' lang='lat' dir='ltr'>ob</span> <span class='ocrx_word' id='word_1_81' title='bbox 737 736 935 778; x_wconf 79' lang='lat' dir='ltr'>stultitiam</span> <span class='ocrx_word' id='word_1_82' title='bbox 960 738 1153 790; x_wconf 71' lang='grc' dir='ltr'>Κοάλεμος</span> <span class='ocrx_word' id='word_1_83' title='bbox 1171 737 1292 778; x_wconf 63' lang='lat' dir='ltr'>dietus</span> <span class='ocrx_word' id='word_1_84' title='bbox 1313 735 1397 777; x_wconf 92' lang='lat' dir='ltr'>fuit.</span> <span class='ocrx_word' id='word_1_85' title='bbox 1415 737 1535 778; x_wconf 87' lang='lat' dir='ltr'>Hunc</span> 
     </span>
     <span class='ocr_line' id='line_1_11' title="bbox 260 789 1536 846; baseline 0 -14"><span class='ocrx_word' id='word_1_86' title='bbox 260 803 412 846; x_wconf 88' lang='lat' dir='ltr'>patrem</span> <span class='ocrx_word' id='word_1_87' title='bbox 436 792 618 833; x_wconf 85' lang='lat' dir='ltr'>Miltiadis</span> <span class='ocrx_word' id='word_1_88' title='bbox 640 793 766 841; x_wconf 89' lang='lat' dir='ltr'>tertii,</span> <span class='ocrx_word' id='word_1_89' title='bbox 792 791 835 832; x_wconf 90' lang='lat'>&amp;</span> <span class='ocrx_word' id='word_1_90' title='bbox 860 791 1036 833; x_wconf 87' lang='lat' dir='ltr'>Cimonis</span> <span class='ocrx_word' id='word_1_91' title='bbox 1064 793 1147 833; x_wconf 91' lang='lat' dir='ltr'>eius</span> <span class='ocrx_word' id='word_1_92' title='bbox 1176 791 1247 832; x_wconf 88' lang='lat' dir='ltr'>filii</span> <span class='ocrx_word' id='word_1_93' title='bbox 1278 803 1398 833; x_wconf 86' lang='lat' dir='ltr'>avum</span> <span class='ocrx_word' id='word_1_94' title='bbox 1426 789 1536 832; x_wconf 64' lang='lat' dir='ltr'>fixisse</span> 
     </span>
     <span class='ocr_line' id='line_1_12' title="bbox 260 844 1537 900; baseline 0 -14"><span class='ocrx_word' id='word_1_95' title='bbox 260 846 421 887; x_wconf 81' lang='lat' dir='ltr'>constat.</span> <span class='ocrx_word' id='word_1_96' title='bbox 445 848 547 886; x_wconf 86' lang='lat' dir='ltr'>Nam</span> <span class='ocrx_word' id='word_1_97' title='bbox 570 846 732 887; x_wconf 87' lang='lat' dir='ltr'>Cimoni</span> <span class='ocrx_word' id='word_1_98' title='bbox 755 845 835 886; x_wconf 92' lang='lat' dir='ltr'>duo</span> <span class='ocrx_word' id='word_1_99' title='bbox 848 845 916 886; x_wconf 91' lang='lat' dir='ltr'>filii</span> <span class='ocrx_word' id='word_1_100' title='bbox 936 845 1071 896; x_wconf 87' lang='lat' dir='ltr'>fuere,</span> <span class='ocrx_word' id='word_1_101' title='bbox 1096 844 1316 900; x_wconf 84' lang='lat' dir='ltr'>Stesagoras</span> <span class='ocrx_word' id='word_1_102' title='bbox 1333 845 1376 885; x_wconf 90' lang='lat'>&amp;</span> <span class='ocrx_word' id='word_1_103' title='bbox 1390 844 1537 886; x_wconf 90' lang='lat' dir='ltr'>Miltia-</span> 
     </span>
     <span class='ocr_line' id='line_1_13' title="bbox 264 899 1539 954; baseline -0.001 -14"><span class='ocrx_word' id='word_1_104' title='bbox 264 902 351 951; x_wconf 87' lang='lat' dir='ltr'>des,</span> <span class='ocrx_word' id='word_1_105' title='bbox 373 912 417 941; x_wconf 92' lang='lat' dir='ltr'>ut</span> <span class='ocrx_word' id='word_1_106' title='bbox 444 900 565 954; x_wconf 87' lang='lat' dir='ltr'>liquet</span> <span class='ocrx_word' id='word_1_107' title='bbox 588 913 638 940; x_wconf 84' lang='lat' dir='ltr'>ex</span> <span class='ocrx_word' id='word_1_108' title='bbox 658 900 867 941; x_wconf 83' lang='lat' dir='ltr'>Herodoto</span> <span class='ocrx_word' id='word_1_109' title='bbox 895 900 920 940; x_wconf 97' lang='lat' dir='ltr'>l.</span> <span class='ocrx_word' id='word_1_110' title='bbox 942 900 989 951; x_wconf 90' lang='lat'>6,</span> <span class='ocrx_word' id='word_1_111' title='bbox 1011 913 1044 941; x_wconf 95' lang='lat' dir='ltr'>c.</span> <span class='ocrx_word' id='word_1_112' title='bbox 1069 900 1114 953; x_wconf 84' lang='lat'>38</span> <span class='ocrx_word' id='word_1_113' title='bbox 1136 901 1179 942; x_wconf 88' lang='lat'>&amp;</span> <span class='ocrx_word' id='word_1_114' title='bbox 1205 914 1267 954; x_wconf 80' lang='lat'>39.</span> <span class='ocrx_word' id='word_1_115' title='bbox 1292 900 1369 940; x_wconf 90' lang='lat' dir='ltr'>Hic</span> <span class='ocrx_word' id='word_1_116' title='bbox 1391 899 1539 940; x_wconf 81' lang='lat' dir='ltr'>Miltia-</span> 
     </span>
     <span class='ocr_line' id='line_1_14' title="bbox 258 953 1535 1008; baseline 0 -14"><span class='ocrx_word' id='word_1_117' title='bbox 258 955 327 994; x_wconf 89' lang='lat' dir='ltr'>des</span> <span class='ocrx_word' id='word_1_118' title='bbox 350 956 397 994; x_wconf 90' lang='lat' dir='ltr'>ad</span> <span class='ocrx_word' id='word_1_119' title='bbox 422 955 699 996; x_wconf 87' lang='lat' dir='ltr'>Marathonem</span> <span class='ocrx_word' id='word_1_120' title='bbox 727 954 845 995; x_wconf 85' lang='lat' dir='ltr'>vicit:</span> <span class='ocrx_word' id='word_1_121' title='bbox 880 955 949 1008; x_wconf 87' lang='lat' dir='ltr'>qui</span> <span class='ocrx_word' id='word_1_122' title='bbox 980 953 1079 995; x_wconf 88' lang='lat' dir='ltr'>male</span> <span class='ocrx_word' id='word_1_123' title='bbox 1105 968 1128 995; x_wconf 86' lang='lat' dir='ltr'>a</span> <span class='ocrx_word' id='word_1_124' title='bbox 1157 953 1349 996; x_wconf 87' lang='lat' dir='ltr'>Cornelio</span> <span class='ocrx_word' id='word_1_125' title='bbox 1377 953 1535 1007; x_wconf 90' lang='lat' dir='ltr'>Nepote</span> 
     </span>
     <span class='ocr_line' id='line_1_15' title="bbox 259 1006 1535 1071; baseline 0 -23"><span class='ocrx_word' id='word_1_126' title='bbox 259 1022 353 1049; x_wconf 90' lang='lat' dir='ltr'>cum</span> <span class='ocrx_word' id='word_1_127' title='bbox 373 1009 546 1050; x_wconf 86' lang='lat' dir='ltr'>Miltiade</span> <span class='ocrx_word' id='word_1_128' title='bbox 567 1008 728 1071; x_wconf 85' lang='lat' dir='ltr'>Cypseli</span> <span class='ocrx_word' id='word_1_129' title='bbox 750 1006 1021 1058; x_wconf 88' lang='lat' dir='ltr'>confunditur,</span> <span class='ocrx_word' id='word_1_130' title='bbox 1047 1020 1092 1049; x_wconf 85' lang='lat' dir='ltr'>ut</span> <span class='ocrx_word' id='word_1_131' title='bbox 1112 1008 1255 1049; x_wconf 90' lang='lat' dir='ltr'>Cimon</span> <span class='ocrx_word' id='word_1_132' title='bbox 1276 1007 1489 1048; x_wconf 89' lang='lat' dir='ltr'>Coalemus</span> <span class='ocrx_word' id='word_1_133' title='bbox 1510 1022 1535 1048; x_wconf 89' lang='lat' dir='ltr'>a</span> 
     </span>
     <span class='ocr_line' id='line_1_16' title="bbox 258 1061 1536 1104; baseline 0.002 -2"><span class='ocrx_word' id='word_1_134' title='bbox 258 1063 466 1104; x_wconf 87' lang='lat' dir='ltr'>Plutarcho</span> <span class='ocrx_word' id='word_1_135' title='bbox 488 1077 578 1104; x_wconf 90' lang='lat' dir='ltr'>cum</span> <span class='ocrx_word' id='word_1_136' title='bbox 597 1063 768 1104; x_wconf 76' lang='lat' dir='ltr'>Cimone</span> <span class='ocrx_word' id='word_1_137' title='bbox 794 1062 978 1102; x_wconf 86' lang='lat' dir='ltr'>Miltiadis</span> <span class='ocrx_word' id='word_1_138' title='bbox 1002 1063 1104 1103; x_wconf 88' lang='lat' dir='ltr'>tertii</span> <span class='ocrx_word' id='word_1_139' title='bbox 1128 1062 1226 1103; x_wconf 85' lang='lat' dir='ltr'>filio.</span> <span class='ocrx_word' id='word_1_140' title='bbox 1253 1061 1416 1102; x_wconf 86' lang='lat' dir='ltr'>Miltiadi</span> <span class='ocrx_word' id='word_1_141' title='bbox 1443 1061 1536 1104; x_wconf 85' lang='lat' dir='ltr'>huic</span> 
     </span>
     <span class='ocr_line' id='line_1_17' title="bbox 257 1116 1536 1171; baseline -0.001 -14"><span class='ocrx_word' id='word_1_142' title='bbox 257 1117 372 1158; x_wconf 89' lang='lat' dir='ltr'>liberi</span> <span class='ocrx_word' id='word_1_143' title='bbox 386 1117 496 1158; x_wconf 88' lang='lat' dir='ltr'>fuere</span> <span class='ocrx_word' id='word_1_144' title='bbox 518 1128 617 1158; x_wconf 88' lang='lat' dir='ltr'>tres:</span> <span class='ocrx_word' id='word_1_145' title='bbox 639 1116 865 1158; x_wconf 87' lang='lat' dir='ltr'>Metiochus</span> <span class='ocrx_word' id='word_1_146' title='bbox 882 1116 923 1157; x_wconf 80' lang='grc' dir='ltr'>δι</span> <span class='ocrx_word' id='word_1_147' title='bbox 942 1116 1139 1171; x_wconf 88' lang='lat' dir='ltr'>Elpinice,</span> <span class='ocrx_word' id='word_1_148' title='bbox 1160 1130 1184 1156; x_wconf 93' lang='lat' dir='ltr'>e</span> <span class='ocrx_word' id='word_1_149' title='bbox 1203 1116 1362 1156; x_wconf 89' lang='lat' dir='ltr'>muliere</span> <span class='ocrx_word' id='word_1_150' title='bbox 1379 1116 1536 1169; x_wconf 86' lang='lat' dir='ltr'>ignota,</span> 
     </span>
     <span class='ocr_line' id='line_1_18' title="bbox 257 1169 1536 1225; baseline 0 -14"><span class='ocrx_word' id='word_1_151' title='bbox 257 1185 378 1225; x_wconf 89' lang='lat' dir='ltr'>quam</span> <span class='ocrx_word' id='word_1_152' title='bbox 401 1172 574 1212; x_wconf 88' lang='lat' dir='ltr'>Atticam</span> <span class='ocrx_word' id='word_1_153' title='bbox 597 1170 706 1212; x_wconf 75' lang='lat' dir='ltr'>fuisse</span> <span class='ocrx_word' id='word_1_154' title='bbox 721 1171 974 1212; x_wconf 88' lang='lat' dir='ltr'>Marcellinus</span> <span class='ocrx_word' id='word_1_155' title='bbox 995 1172 1048 1212; x_wconf 88' lang='lat' dir='ltr'>ait</span> <span class='ocrx_word' id='word_1_156' title='bbox 1055 1184 1068 1220; x_wconf 91' lang='lat'>;</span> <span class='ocrx_word' id='word_1_157' title='bbox 1089 1184 1139 1211; x_wconf 84' lang='lat' dir='ltr'>ex</span> <span class='ocrx_word' id='word_1_158' title='bbox 1161 1169 1420 1224; x_wconf 85' lang='lat' dir='ltr'>Hegefipyla,</span> <span class='ocrx_word' id='word_1_159' title='bbox 1435 1169 1536 1211; x_wconf 91' lang='lat' dir='ltr'>Olo-</span> 
     </span>
     <span class='ocr_line' id='line_1_19' title="bbox 257 1223 1536 1280; baseline -0.002 -15"><span class='ocrx_word' id='word_1_160' title='bbox 257 1227 294 1266; x_wconf 84' lang='lat' dir='ltr'>ri</span> <span class='ocrx_word' id='word_1_161' title='bbox 311 1226 505 1267; x_wconf 89' lang='lat' dir='ltr'>Thraciae</span> <span class='ocrx_word' id='word_1_162' title='bbox 524 1227 626 1280; x_wconf 83' lang='lat' dir='ltr'>regis</span> <span class='ocrx_word' id='word_1_163' title='bbox 646 1224 747 1274; x_wconf 84' lang='lat' dir='ltr'>filia,</span> <span class='ocrx_word' id='word_1_164' title='bbox 768 1225 937 1276; x_wconf 90' lang='lat' dir='ltr'>Cimon,</span> <span class='ocrx_word' id='word_1_165' title='bbox 956 1225 1035 1266; x_wconf 82' lang='lat' dir='ltr'>dux</span> <span class='ocrx_word' id='word_1_166' title='bbox 1058 1223 1294 1265; x_wconf 88' lang='lat' dir='ltr'>clariffimus.</span> <span class='ocrx_word' id='word_1_167' title='bbox 1315 1223 1419 1264; x_wconf 91' lang='lat' dir='ltr'>Vide</span> <span class='ocrx_word' id='word_1_168' title='bbox 1434 1224 1536 1264; x_wconf 88' lang='lat' dir='ltr'>Rut-</span> 
     </span>
     <span class='ocr_line' id='line_1_20' title="bbox 258 1277 1531 1334; baseline 0.001 -15"><span class='ocrx_word' id='word_1_169' title='bbox 258 1279 426 1333; x_wconf 86' lang='lat' dir='ltr'>gerfium</span> <span class='ocrx_word' id='word_1_170' title='bbox 438 1281 478 1320; x_wconf 91' lang='lat' dir='ltr'>in</span> <span class='ocrx_word' id='word_1_171' title='bbox 491 1281 588 1321; x_wconf 93' lang='lat' dir='ltr'>Var.</span> <span class='ocrx_word' id='word_1_172' title='bbox 603 1279 708 1321; x_wconf 61' lang='lat' dir='ltr'>Le&amp;</span> <span class='ocrx_word' id='word_1_173' title='bbox 724 1293 761 1334; x_wconf 89' lang='lat' dir='ltr'>p.</span> <span class='ocrx_word' id='word_1_174' title='bbox 779 1292 828 1333; x_wconf 83' lang='lat'>37</span> <span class='ocrx_word' id='word_1_175' title='bbox 847 1279 891 1319; x_wconf 77' lang='grc' dir='ltr'>δι</span> <span class='ocrx_word' id='word_1_176' title='bbox 902 1293 964 1329; x_wconf 88' lang='lat'>44.</span> <span class='ocrx_word' id='word_1_177' title='bbox 994 1278 1015 1299; x_wconf 68' lang='lat'>⁴*</span> <span class='ocrx_word' id='word_1_178' title='bbox 1026 1279 1051 1319; x_wconf 94' lang='lat' dir='ltr'>l.</span> <span class='ocrx_word' id='word_1_179' title='bbox 1072 1292 1129 1329; x_wconf 85' lang='lat'>¹4·</span> <span class='ocrx_word' id='word_1_180' title='bbox 1145 1278 1338 1331; x_wconf 67' lang='grc' dir='ltr'>λαμβάνει</span> <span class='ocrx_word' id='word_1_181' title='bbox 1352 1277 1531 1332; x_wconf 72' lang='grc' dir='ltr'>Θρᾳκῶν)</span> 
     </span>
     <span class='ocr_line' id='line_1_21' title="bbox 258 1334 909 1396; baseline 0.003 -23"><span class='ocrx_word' id='word_1_182' title='bbox 258 1334 364 1375; x_wconf 90' lang='lat' dir='ltr'>Vide</span> <span class='ocrx_word' id='word_1_183' title='bbox 387 1335 639 1375; x_wconf 88' lang='lat' dir='ltr'>Herodotum</span> <span class='ocrx_word' id='word_1_184' title='bbox 669 1334 696 1373; x_wconf 95' lang='lat' dir='ltr'>l.</span> <span class='ocrx_word' id='word_1_185' title='bbox 717 1335 766 1383; x_wconf 94' lang='lat'>6,</span> <span class='ocrx_word' id='word_1_186' title='bbox 789 1347 824 1374; x_wconf 89' lang='lat' dir='ltr'>c.</span> <span class='ocrx_word' id='word_1_187' title='bbox 846 1348 909 1396; x_wconf 56' lang='lat'>29.</span> 
     </span>
    </p>

    <p class='ocr_par' dir='ltr' id='par_1_3' title="bbox 253 1385 1535 2045">
     <span class='ocr_line' id='line_1_22' title="bbox 312 1385 1534 1444; baseline 0 -17"><span class='ocrx_word' id='word_1_188' title='bbox 312 1389 407 1443; x_wconf 81' lang='lat' dir='ltr'>Pag.</span> <span class='ocrx_word' id='word_1_189' title='bbox 433 1389 541 1429; x_wconf 82' lang='lat' dir='ltr'>vm.</span> <span class='ocrx_word' id='word_1_190' title='bbox 563 1390 588 1429; x_wconf 94' lang='lat' dir='ltr'>l.</span> <span class='ocrx_word' id='word_1_191' title='bbox 617 1403 657 1444; x_wconf 67' lang='lat'>5.</span> <span class='ocrx_word' id='word_1_192' title='bbox 672 1387 713 1429; x_wconf 86' lang='lat' dir='ltr'>‘H</span> <span class='ocrx_word' id='word_1_193' title='bbox 734 1387 780 1428; x_wconf 56' lang='grc' dir='ltr'>ἑὲ</span> <span class='ocrx_word' id='word_1_194' title='bbox 800 1388 909 1441; x_wconf 65' lang='lat' dir='ltr'>vaus)</span> <span class='ocrx_word' id='word_1_195' title='bbox 946 1386 1048 1429; x_wconf 88' lang='lat' dir='ltr'>Vide</span> <span class='ocrx_word' id='word_1_196' title='bbox 1070 1386 1261 1437; x_wconf 89' lang='lat' dir='ltr'>eundem,</span> <span class='ocrx_word' id='word_1_197' title='bbox 1281 1385 1306 1426; x_wconf 94' lang='lat'>1.</span> <span class='ocrx_word' id='word_1_198' title='bbox 1330 1386 1380 1435; x_wconf 93' lang='lat'>6,</span> <span class='ocrx_word' id='word_1_199' title='bbox 1402 1398 1436 1426; x_wconf 90' lang='lat' dir='ltr'>c.</span> <span class='ocrx_word' id='word_1_200' title='bbox 1463 1398 1534 1434; x_wconf 84' lang='lat'>41·</span> 
     </span>
     <span class='ocr_line' id='line_1_23' title="bbox 258 1434 1534 1497; baseline -0.001 -15"><span class='ocrx_word' id='word_1_201' title='bbox 258 1441 279 1463; x_wconf 64' lang='lat'>⁸</span> <span class='ocrx_word' id='word_1_202' title='bbox 294 1443 317 1483; x_wconf 89' lang='lat' dir='ltr'>l.</span> <span class='ocrx_word' id='word_1_203' title='bbox 334 1458 371 1497; x_wconf 89' lang='lat'>9.</span> <span class='ocrx_word' id='word_1_204' title='bbox 393 1441 564 1497; x_wconf 59' lang='grc' dir='ltr'>ἐχθρῶν)</span> <span class='ocrx_word' id='word_1_205' title='bbox 586 1444 760 1483; x_wconf 88' lang='lat' dir='ltr'>Lacunas</span> <span class='ocrx_word' id='word_1_206' title='bbox 776 1442 817 1482; x_wconf 90' lang='lat' dir='ltr'>in</span> <span class='ocrx_word' id='word_1_207' title='bbox 835 1434 944 1482; x_wconf 81' lang='lat' dir='ltr'>editt.</span> <span class='ocrx_word' id='word_1_208' title='bbox 961 1441 1050 1482; x_wconf 84' lang='lat' dir='ltr'>Ald.</span> <span class='ocrx_word' id='word_1_209' title='bbox 1062 1441 1166 1482; x_wconf 87' lang='lat' dir='ltr'>Flor.</span> <span class='ocrx_word' id='word_1_210' title='bbox 1176 1439 1261 1482; x_wconf 89' lang='lat' dir='ltr'>Bas.</span> <span class='ocrx_word' id='word_1_211' title='bbox 1276 1439 1378 1481; x_wconf 90' lang='lat' dir='ltr'>hisce</span> <span class='ocrx_word' id='word_1_212' title='bbox 1399 1440 1534 1481; x_wconf 89' lang='lat' dir='ltr'>verbis</span> 
     </span>
     <span class='ocr_line' id='line_1_24' title="bbox 256 1493 1534 1603; baseline -0.002 -13"><span class='ocrx_word' id='word_1_213' title='bbox 256 1497 388 1592; x_wconf 64' lang='lat'>§.3332</span> <span class='ocrx_word' id='word_1_214' title='bbox 411 1496 851 1592; x_wconf 49' lang='lat' dir='ltr'>ussssiZJffiffusZtvssssig</span> <span class='ocrx_word' id='word_1_215' title='bbox 878 1494 1301 1591; x_wconf 49' lang='lat' dir='ltr'>fissi‘i&#39;lffssgemffiffi&#39;ssiliss</span> <span class='ocrx_word' id='word_1_216' title='bbox 1322 1493 1534 1603; x_wconf 57' lang='grc' dir='ltr'>Ιῖὲῖἒζῗιὲἶ</span> 
     </span>
     <span class='ocr_line' id='line_1_25' title="bbox 255 1581 1535 1659; baseline -0.002 -14"><span class='ocrx_word' id='word_1_217' title='bbox 255 1617 331 1646; x_wconf 90' lang='lat' dir='ltr'>nus</span> <span class='ocrx_word' id='word_1_218' title='bbox 353 1583 418 1647; x_wconf 59' lang='lat' dir='ltr'>hii:</span> <span class='ocrx_word' id='word_1_219' title='bbox 439 1582 738 1659; x_wconf 66' lang='lat' dir='ltr'>annotan’lego</span> <span class='ocrx_word' id='word_1_220' title='bbox 764 1604 836 1645; x_wconf 74' lang='grc' dir='ltr'>τῶν</span> <span class='ocrx_word' id='word_1_221' title='bbox 858 1581 1001 1658; x_wconf 58' lang='grc' dir='ltr'>ἐχθρῶν</span> <span class='ocrx_word' id='word_1_222' title='bbox 1020 1617 1070 1644; x_wconf 85' lang='lat' dir='ltr'>ex</span> <span class='ocrx_word' id='word_1_223' title='bbox 1090 1603 1226 1644; x_wconf 88' lang='lat' dir='ltr'>Suida:</span> <span class='ocrx_word' id='word_1_224' title='bbox 1250 1602 1354 1643; x_wconf 88' lang='lat' dir='ltr'>unde</span> <span class='ocrx_word' id='word_1_225' title='bbox 1379 1602 1422 1642; x_wconf 90' lang='lat'>&amp;</span> <span class='ocrx_word' id='word_1_226' title='bbox 1445 1601 1535 1647; x_wconf 80' lang='lat' dir='ltr'>reli·</span> 
     </span>
     <span class='ocr_line' id='line_1_26' title="bbox 255 1655 1533 1715; baseline -0.002 -15"><span class='ocrx_word' id='word_1_227' title='bbox 255 1673 336 1714; x_wconf 91' lang='lat' dir='ltr'>qua</span> <span class='ocrx_word' id='word_1_228' title='bbox 355 1659 644 1715; x_wconf 90' lang='lat' dir='ltr'>supplevimus,</span> <span class='ocrx_word' id='word_1_229' title='bbox 665 1672 764 1713; x_wconf 90' lang='lat' dir='ltr'>quae</span> <span class='ocrx_word' id='word_1_230' title='bbox 794 1659 856 1699; x_wconf 91' lang='lat' dir='ltr'>hic</span> <span class='ocrx_word' id='word_1_231' title='bbox 883 1659 988 1700; x_wconf 91' lang='lat' dir='ltr'>notis</span> <span class='ocrx_word' id='word_1_232' title='bbox 1013 1657 1158 1699; x_wconf 84' lang='lat' dir='ltr'>inclusa</span> <span class='ocrx_word' id='word_1_233' title='bbox 1185 1656 1336 1712; x_wconf 66' lang='lat' dir='ltr'>vides.)</span> <span class='ocrx_word' id='word_1_234' title='bbox 1377 1655 1438 1695; x_wconf 68' lang='lat'>⁴¹1.</span> <span class='ocrx_word' id='word_1_235' title='bbox 1472 1670 1533 1698; x_wconf 83' lang='lat'>12..</span> 
     </span>
     <span class='ocr_line' id='line_1_27' title="bbox 257 1708 1531 1768; baseline -0.004 -14"><span class='ocrx_word' id='word_1_236' title='bbox 257 1715 498 1768; x_wconf 63' lang='grc' dir='ltr'>στρατηγὸς)</span> <span class='ocrx_word' id='word_1_237' title='bbox 525 1713 737 1768; x_wconf 65' lang='grc' dir='ltr'><em>κατήγορος</em></span> <span class='ocrx_word' id='word_1_238' title='bbox 757 1713 846 1754; x_wconf 88' lang='lat' dir='ltr'>Ald.</span> <span class='ocrx_word' id='word_1_239' title='bbox 868 1713 972 1754; x_wconf 91' lang='lat' dir='ltr'>Flor.</span> <span class='ocrx_word' id='word_1_240' title='bbox 999 1712 1082 1754; x_wconf 86' lang='lat' dir='ltr'>Bas.</span> <span class='ocrx_word' id='word_1_241' title='bbox 1112 1712 1173 1752; x_wconf 56' lang='lat'>⁴⁹1.</span> <span class='ocrx_word' id='word_1_242' title='bbox 1196 1724 1255 1764; x_wconf 87' lang='lat'>¹3·</span> <span class='ocrx_word' id='word_1_243' title='bbox 1274 1708 1332 1752; x_wconf 72' lang='grc' dir='ltr'>οὖν</span> <span class='ocrx_word' id='word_1_244' title='bbox 1348 1710 1531 1764; x_wconf 67' lang='grc' dir='ltr'>κατάγε-</span> 
     </span>
     <span class='ocr_line' id='line_1_28' title="bbox 255 1764 1531 1821; baseline -0.002 -12"><span class='ocrx_word' id='word_1_245' title='bbox 255 1769 384 1818; x_wconf 57' lang='grc' dir='ltr'>σθαι)</span> <span class='ocrx_word' id='word_1_246' title='bbox 419 1769 523 1809; x_wconf 89' lang='lat' dir='ltr'>Inter</span> <span class='ocrx_word' id='word_1_247' title='bbox 544 1764 603 1810; x_wconf 61' lang='grc' dir='ltr'>οὖν</span> <span class='ocrx_word' id='word_1_248' title='bbox 625 1769 667 1809; x_wconf 88' lang='lat'>&amp;</span> <span class='ocrx_word' id='word_1_249' title='bbox 687 1767 971 1821; x_wconf 58' lang='grc' dir='ltr'>κατάγεσθαι,</span> <span class='ocrx_word' id='word_1_250' title='bbox 1003 1777 1049 1807; x_wconf 92' lang='lat' dir='ltr'>ut</span> <span class='ocrx_word' id='word_1_251' title='bbox 1082 1767 1125 1807; x_wconf 88' lang='lat'>&amp;</span> <span class='ocrx_word' id='word_1_252' title='bbox 1149 1778 1246 1806; x_wconf 83' lang='lat' dir='ltr'>mox</span> <span class='ocrx_word' id='word_1_253' title='bbox 1270 1766 1370 1806; x_wconf 89' lang='lat' dir='ltr'>inter</span> <span class='ocrx_word' id='word_1_254' title='bbox 1392 1764 1460 1804; x_wconf 72' lang='grc' dir='ltr'>καὶ</span> <span class='ocrx_word' id='word_1_255' title='bbox 1487 1765 1531 1806; x_wconf 90' lang='lat'>&amp;</span> 
     </span>
     <span class='ocr_line' id='line_1_29' title="bbox 253 1817 1531 1877; baseline -0.003 -15"><span class='ocrx_word' id='word_1_256' title='bbox 253 1822 440 1874; x_wconf 68' lang='grc' dir='ltr'>μέταλλα</span> <span class='ocrx_word' id='word_1_257' title='bbox 468 1823 597 1864; x_wconf 84' lang='lat' dir='ltr'>deerat</span> <span class='ocrx_word' id='word_1_258' title='bbox 624 1823 768 1877; x_wconf 88' lang='lat' dir='ltr'>aliquid</span> <span class='ocrx_word' id='word_1_259' title='bbox 796 1823 834 1862; x_wconf 88' lang='lat' dir='ltr'>in</span> <span class='ocrx_word' id='word_1_260' title='bbox 854 1822 1013 1871; x_wconf 86' lang='lat' dir='ltr'>codice,</span> <span class='ocrx_word' id='word_1_261' title='bbox 1032 1821 1134 1861; x_wconf 92' lang='lat' dir='ltr'>unde</span> <span class='ocrx_word' id='word_1_262' title='bbox 1159 1819 1436 1860; x_wconf 84' lang='lat' dir='ltr'>Marcellinum</span> <span class='ocrx_word' id='word_1_263' title='bbox 1464 1817 1531 1859; x_wconf 89' lang='lat' dir='ltr'>de-</span> 
     </span>
     <span class='ocr_line' id='line_1_30' title="bbox 254 1873 1529 1932; baseline -0.004 -15"><span class='ocrx_word' id='word_1_264' title='bbox 254 1876 400 1932; x_wconf 75' lang='lat' dir='ltr'>scripsit</span> <span class='ocrx_word' id='word_1_265' title='bbox 412 1877 545 1918; x_wconf 88' lang='lat' dir='ltr'>Aldus.</span> <span class='ocrx_word' id='word_1_266' title='bbox 577 1878 597 1897; x_wconf 63' lang='lat'>⁴*</span> <span class='ocrx_word' id='word_1_267' title='bbox 608 1879 631 1917; x_wconf 92' lang='lat' dir='ltr'>l.</span> <span class='ocrx_word' id='word_1_268' title='bbox 651 1891 709 1925; x_wconf 82' lang='lat'>¹4·</span> <span class='ocrx_word' id='word_1_269' title='bbox 725 1875 962 1916; x_wconf 66' lang='lat' dir='ltr'>oovnvsisou</span> <span class='ocrx_word' id='word_1_270' title='bbox 976 1876 1113 1929; x_wconf 69' lang='grc' dir='ltr'>γένος)</span> <span class='ocrx_word' id='word_1_271' title='bbox 1128 1875 1166 1915; x_wconf 85' lang='lat' dir='ltr'>Si</span> <span class='ocrx_word' id='word_1_272' title='bbox 1183 1873 1296 1915; x_wconf 81' lang='lat' dir='ltr'>nullis</span> <span class='ocrx_word' id='word_1_273' title='bbox 1308 1873 1393 1914; x_wconf 88' lang='lat' dir='ltr'>aliis</span> <span class='ocrx_word' id='word_1_274' title='bbox 1414 1885 1529 1926; x_wconf 74' lang='lat' dir='ltr'>argu-</span> 
     </span>
     <span class='ocr_line' id='line_1_31' title="bbox 255 1927 1528 1986; baseline -0.003 -14"><span class='ocrx_word' id='word_1_275' title='bbox 255 1932 394 1972; x_wconf 91' lang='lat' dir='ltr'>mentis</span> <span class='ocrx_word' id='word_1_276' title='bbox 418 1932 591 1986; x_wconf 86' lang='lat' dir='ltr'>(praeter</span> <span class='ocrx_word' id='word_1_277' title='bbox 615 1945 660 1972; x_wconf 87' lang='lat' dir='ltr'>ea</span> <span class='ocrx_word' id='word_1_278' title='bbox 673 1944 797 1985; x_wconf 90' lang='lat' dir='ltr'>,quae</span> <span class='ocrx_word' id='word_1_279' title='bbox 816 1929 1059 1985; x_wconf 89' lang='lat' dir='ltr'>sequuntur)</span> <span class='ocrx_word' id='word_1_280' title='bbox 1081 1929 1290 1976; x_wconf 70' lang='lat' dir='ltr'>adduaus,</span> <span class='ocrx_word' id='word_1_281' title='bbox 1305 1927 1376 1968; x_wconf 85' lang='lat' dir='ltr'>fibi</span> <span class='ocrx_word' id='word_1_282' title='bbox 1390 1927 1528 1968; x_wconf 76' lang='lat' dir='ltr'>&amp;aliis</span> 
     </span>
     <span class='ocr_line' id='line_1_32' title="bbox 253 1981 1529 2045; baseline -0.002 -19"><span class='ocrx_word' id='word_1_283' title='bbox 253 1985 481 2045; x_wconf 78' lang='lat' dir='ltr'>persuaserit</span> <span class='ocrx_word' id='word_1_284' title='bbox 495 1986 743 2026; x_wconf 86' lang='lat' dir='ltr'>Marcellinus</span> <span class='ocrx_word' id='word_1_285' title='bbox 755 2017 768 2033; x_wconf 91' lang='lat'><em>‚</em></span> <span class='ocrx_word' id='word_1_286' title='bbox 785 1984 1059 2045; x_wconf 82' lang='lat' dir='ltr'>Thucydidem</span> <span class='ocrx_word' id='word_1_287' title='bbox 1082 1997 1105 2023; x_wconf 90' lang='lat' dir='ltr'>a</span> <span class='ocrx_word' id='word_1_288' title='bbox 1122 1982 1293 2023; x_wconf 89' lang='lat' dir='ltr'>Miltiade</span> <span class='ocrx_word' id='word_1_289' title='bbox 1314 1994 1436 2036; x_wconf 88' lang='lat' dir='ltr'>genus</span> <span class='ocrx_word' id='word_1_290' title='bbox 1456 1981 1529 2023; x_wconf 86' lang='lat' dir='ltr'>du·</span> 
     </span>
    </p>
   </div>
   <div class='ocr_carea' id='block_1_3' title="bbox 254 2036 1624 2090">
    <p class='ocr_par' dir='ltr' id='par_1_4' title="bbox 254 2036 1624 2090">
     <span class='ocr_line' id='line_1_33' title="bbox 254 2036 1624 2090; baseline -0.003 -11"><span class='ocrx_word' id='word_1_291' title='bbox 254 2039 374 2089; x_wconf 81' lang='lat' dir='ltr'>xiste,</span> <span class='ocrx_word' id='word_1_292' title='bbox 397 2050 535 2080; x_wconf 90' lang='lat' dir='ltr'>metuo</span> <span class='ocrx_word' id='word_1_293' title='bbox 557 2052 600 2079; x_wconf 92' lang='lat' dir='ltr'>ut</span> <span class='ocrx_word' id='word_1_294' title='bbox 618 2053 757 2080; x_wconf 90' lang='lat' dir='ltr'>eorum</span> <span class='ocrx_word' id='word_1_295' title='bbox 781 2039 965 2079; x_wconf 76' lang='lat' dir='ltr'>sententia</span> <span class='ocrx_word' id='word_1_296' title='bbox 989 2039 1121 2079; x_wconf 89' lang='lat' dir='ltr'>verior</span> <span class='ocrx_word' id='word_1_297' title='bbox 1143 2037 1210 2086; x_wconf 87' lang='lat' dir='ltr'>fit,</span> <span class='ocrx_word' id='word_1_298' title='bbox 1256 2037 1321 2086; x_wconf 93' lang='lat' dir='ltr'>ui,</span> <span class='ocrx_word' id='word_1_299' title='bbox 1347 2036 1528 2090; x_wconf 87' lang='lat' dir='ltr'>Hermip-</span> <span class='ocrx_word' id='word_1_300' title='bbox 1615 2085 1624 2090; x_wconf 18' lang='grc' dir='ltr'>ἡ</span> 
     </span>
    </p>
   </div>
   <div class='ocr_carea' id='block_1_4' title="bbox 251 2088 1527 2584">
    <p class='ocr_par' dir='ltr' id='par_1_5' title="bbox 251 2088 1527 2584">
     <span class='ocr_line' id='line_1_34' title="bbox 284 2088 1525 2146; baseline -0.002 -12"><span class='ocrx_word' id='word_1_301' title='bbox 284 2108 351 2134; x_wconf 91' lang='lat' dir='ltr'>um</span> <span class='ocrx_word' id='word_1_302' title='bbox 365 2093 500 2142; x_wconf 89' lang='lat' dir='ltr'>secuti,</span> <span class='ocrx_word' id='word_1_303' title='bbox 514 2107 605 2134; x_wconf 86' lang='lat' dir='ltr'>eum</span> <span class='ocrx_word' id='word_1_304' title='bbox 620 2108 643 2135; x_wconf 88' lang='lat' dir='ltr'>a</span> <span class='ocrx_word' id='word_1_305' title='bbox 656 2093 883 2134; x_wconf 76' lang='lat' dir='ltr'>Pisistratidis</span> <span class='ocrx_word' id='word_1_306' title='bbox 895 2093 1086 2146; x_wconf 85' lang='lat' dir='ltr'>originem</span> <span class='ocrx_word' id='word_1_307' title='bbox 1106 2091 1223 2131; x_wconf 90' lang='lat' dir='ltr'>habui</span> <span class='ocrx_word' id='word_1_308' title='bbox 1253 2104 1276 2132; x_wconf 93' lang='lat' dir='ltr'>e</span> <span class='ocrx_word' id='word_1_309' title='bbox 1287 2090 1410 2131; x_wconf 87' lang='lat' dir='ltr'>testati</span> <span class='ocrx_word' id='word_1_310' title='bbox 1425 2088 1525 2131; x_wconf 72' lang='lat' dir='ltr'>sunt.</span> 
     </span>
     <span class='ocr_line' id='line_1_35' title="bbox 252 2108 1527 2202; baseline -0.002 -14"><span class='ocrx_word' id='word_1_311' title='bbox 252 2108 298 2189; x_wconf 61' lang='lat' dir='ltr'>fri</span> <span class='ocrx_word' id='word_1_312' title='bbox 317 2149 450 2189; x_wconf 85' lang='lat' dir='ltr'>eadem</span> <span class='ocrx_word' id='word_1_313' title='bbox 472 2159 625 2198; x_wconf 89' lang='lat' dir='ltr'>tamen,</span> <span class='ocrx_word' id='word_1_314' title='bbox 651 2161 729 2202; x_wconf 89' lang='lat' dir='ltr'>qua</span> <span class='ocrx_word' id='word_1_315' title='bbox 752 2146 1024 2194; x_wconf 88' lang='lat' dir='ltr'>Marcellinus,</span> <span class='ocrx_word' id='word_1_316' title='bbox 1046 2147 1235 2200; x_wconf 85' lang='lat' dir='ltr'>opinione</span> <span class='ocrx_word' id='word_1_317' title='bbox 1262 2143 1527 2199; x_wconf 85' lang='lat' dir='ltr'>graviffimum</span> 
     </span>
     <span class='ocr_line' id='line_1_36' title="bbox 252 2198 1527 2257; baseline -0.005 -14"><span class='ocrx_word' id='word_1_318' title='bbox 252 2201 476 2257; x_wconf 86' lang='lat' dir='ltr'>scriptorem</span> <span class='ocrx_word' id='word_1_319' title='bbox 487 2202 738 2242; x_wconf 88' lang='lat' dir='ltr'>Plutarchum</span> <span class='ocrx_word' id='word_1_320' title='bbox 758 2200 832 2242; x_wconf 85' lang='lat' dir='ltr'>effe</span> <span class='ocrx_word' id='word_1_321' title='bbox 843 2201 972 2242; x_wconf 86' lang='lat' dir='ltr'>video.</span> <span class='ocrx_word' id='word_1_322' title='bbox 982 2199 1227 2254; x_wconf 78' lang='lat' dir='ltr'>Rutgersius.</span> <span class='ocrx_word' id='word_1_323' title='bbox 1249 2199 1362 2238; x_wconf 51' lang='lat' dir='ltr'>*ibid</span> <span class='ocrx_word' id='word_1_324' title='bbox 1380 2198 1527 2248; x_wconf 63' lang='grc' dir='ltr'>καὶμέὲ</span> 
     </span>
     <span class='ocr_line' id='line_1_37' title="bbox 252 2251 1524 2311; baseline -0.003 -15"><span class='ocrx_word' id='word_1_325' title='bbox 252 2266 394 2311; x_wconf 61' lang='grc' dir='ltr'>’για-τον</span> <span class='ocrx_word' id='word_1_326' title='bbox 417 2254 628 2309; x_wconf 69' lang='grc' dir='ltr'>τεκμήριον)</span> <span class='ocrx_word' id='word_1_327' title='bbox 652 2255 939 2309; x_wconf 85' lang='lat' dir='ltr'>Argumentum</span> <span class='ocrx_word' id='word_1_328' title='bbox 965 2255 1077 2309; x_wconf 88' lang='lat' dir='ltr'>plane</span> <span class='ocrx_word' id='word_1_329' title='bbox 1102 2253 1330 2294; x_wconf 87' lang='lat' dir='ltr'>ficulneum:</span> <span class='ocrx_word' id='word_1_330' title='bbox 1363 2251 1392 2292; x_wconf 86' lang='lat' dir='ltr'><strong>fi</strong></span> <span class='ocrx_word' id='word_1_331' title='bbox 1419 2252 1524 2292; x_wconf 88' lang='lat' dir='ltr'>enim</span> 
     </span>
     <span class='ocr_line' id='line_1_38' title="bbox 253 2305 1526 2365; baseline -0.004 -14"><span class='ocrx_word' id='word_1_332' title='bbox 253 2323 390 2351; x_wconf 91' lang='lat' dir='ltr'>omnes</span> <span class='ocrx_word' id='word_1_333' title='bbox 419 2310 597 2365; x_wconf 89' lang='lat' dir='ltr'>opulenti</span> <span class='ocrx_word' id='word_1_334' title='bbox 622 2323 644 2350; x_wconf 94' lang='lat' dir='ltr'>e</span> <span class='ocrx_word' id='word_1_335' title='bbox 666 2310 848 2350; x_wconf 90' lang='lat' dir='ltr'>Miltiadis</span> <span class='ocrx_word' id='word_1_336' title='bbox 898 2321 1022 2349; x_wconf 91' lang='lat' dir='ltr'>enere.</span> <span class='ocrx_word' id='word_1_337' title='bbox 1037 2309 1197 2362; x_wconf 86' lang='lat' dir='ltr'>putandi</span> <span class='ocrx_word' id='word_1_338' title='bbox 1221 2306 1313 2354; x_wconf 78' lang='lat' dir='ltr'>sint,</span> <span class='ocrx_word' id='word_1_339' title='bbox 1341 2305 1433 2360; x_wconf 90' lang='lat' dir='ltr'>quid</span> <span class='ocrx_word' id='word_1_340' title='bbox 1457 2305 1526 2346; x_wconf 86' lang='lat' dir='ltr'>fiet</span> 
     </span>
     <span class='ocr_line' id='line_1_39' title="bbox 252 2358 1525 2418; baseline -0.006 -12"><span class='ocrx_word' id='word_1_341' title='bbox 252 2364 414 2407; x_wconf 78' lang='lat' dir='ltr'>Crasso?</span> <span class='ocrx_word' id='word_1_342' title='bbox 441 2375 510 2405; x_wconf 90' lang='lat' dir='ltr'>aut</span> <span class='ocrx_word' id='word_1_343' title='bbox 538 2364 567 2404; x_wconf 78' lang='lat' dir='ltr'>st</span> <span class='ocrx_word' id='word_1_344' title='bbox 586 2377 751 2412; x_wconf 90' lang='lat' dir='ltr'>omnes,</span> <span class='ocrx_word' id='word_1_345' title='bbox 778 2365 848 2418; x_wconf 91' lang='lat' dir='ltr'>qui</span> <span class='ocrx_word' id='word_1_346' title='bbox 888 2363 1022 2403; x_wconf 89' lang='lat' dir='ltr'>odinas</span> <span class='ocrx_word' id='word_1_347' title='bbox 1050 2363 1090 2401; x_wconf 93' lang='lat' dir='ltr'>in</span> <span class='ocrx_word' id='word_1_348' title='bbox 1116 2361 1284 2402; x_wconf 88' lang='lat' dir='ltr'>Thracia</span> <span class='ocrx_word' id='word_1_349' title='bbox 1311 2358 1525 2414; x_wconf 84' lang='lat' dir='ltr'>poffident,</span> 
     </span>
     <span class='ocr_line' id='line_1_40' title="bbox 253 2412 1525 2473; baseline -0.007 -12"><span class='ocrx_word' id='word_1_350' title='bbox 253 2419 349 2473; x_wconf 90' lang='lat' dir='ltr'>quid</span> <span class='ocrx_word' id='word_1_351' title='bbox 369 2419 484 2473; x_wconf 78' lang='lat' dir='ltr'>ipsius</span> <span class='ocrx_word' id='word_1_352' title='bbox 509 2418 756 2472; x_wconf 88' lang='lat' dir='ltr'>Thucydidis</span> <span class='ocrx_word' id='word_1_353' title='bbox 776 2417 958 2470; x_wconf 85' lang='lat' dir='ltr'>coniugi,</span> <span class='ocrx_word' id='word_1_354' title='bbox 978 2429 1095 2469; x_wconf 87' lang='lat' dir='ltr'>quam</span> <span class='ocrx_word' id='word_1_355' title='bbox 1118 2416 1160 2455; x_wconf 72' lang='grc' dir='ltr'>δι</span> <span class='ocrx_word' id='word_1_356' title='bbox 1181 2415 1343 2454; x_wconf 90' lang='lat' dir='ltr'>divitem</span> <span class='ocrx_word' id='word_1_357' title='bbox 1357 2444 1369 2462; x_wconf 92' lang='lat'><strong>,</strong></span> <span class='ocrx_word' id='word_1_358' title='bbox 1398 2413 1440 2453; x_wconf 77' lang='grc' dir='ltr'>δι</span> <span class='ocrx_word' id='word_1_359' title='bbox 1463 2412 1525 2453; x_wconf 83' lang='lat' dir='ltr'>fo·</span> 
     </span>
     <span class='ocr_line' id='line_1_41' title="bbox 251 2466 1521 2527; baseline -0.006 -12"><span class='ocrx_word' id='word_1_360' title='bbox 251 2475 360 2515; x_wconf 75' lang='lat' dir='ltr'>&lt;linas</span> <span class='ocrx_word' id='word_1_361' title='bbox 382 2475 421 2514; x_wconf 93' lang='lat' dir='ltr'>in</span> <span class='ocrx_word' id='word_1_362' title='bbox 443 2473 612 2514; x_wconf 83' lang='lat' dir='ltr'>Thracia</span> <span class='ocrx_word' id='word_1_363' title='bbox 631 2470 848 2527; x_wconf 77' lang='lat' dir='ltr'>possedisse,</span> <span class='ocrx_word' id='word_1_364' title='bbox 868 2470 947 2526; x_wconf 83' lang='lat' dir='ltr'>ipse</span> <span class='ocrx_word' id='word_1_365' title='bbox 969 2469 1222 2510; x_wconf 90' lang='lat' dir='ltr'>Marcellinus</span> <span class='ocrx_word' id='word_1_366' title='bbox 1239 2467 1376 2509; x_wconf 88' lang='lat' dir='ltr'>scribit.</span> <span class='ocrx_word' id='word_1_367' title='bbox 1399 2466 1521 2507; x_wconf 88' lang='lat' dir='ltr'>Idem.</span> 
     </span>
     <span class='ocr_line' id='line_1_42' title="bbox 307 2517 1522 2584; baseline -0.007 -15"><span class='ocrx_word' id='word_1_368' title='bbox 307 2529 398 2584; x_wconf 80' lang='lat' dir='ltr'>Pag.</span> <span class='ocrx_word' id='word_1_369' title='bbox 421 2528 489 2570; x_wconf 77' lang='lat' dir='ltr'>IX.</span> <span class='ocrx_word' id='word_1_370' title='bbox 516 2529 543 2570; x_wconf 93' lang='lat' dir='ltr'>l.</span> <span class='ocrx_word' id='word_1_371' title='bbox 571 2541 607 2571; x_wconf 89' lang='lat'>2.</span> <span class='ocrx_word' id='word_1_372' title='bbox 627 2522 886 2578; x_wconf 59' lang='grc' dir='ltr'>Τισὶν*εἶνοιι)</span> <span class='ocrx_word' id='word_1_373' title='bbox 908 2525 1006 2569; x_wconf 77' lang='grc' dir='ltr'>τισὶν</span> <span class='ocrx_word' id='word_1_374' title='bbox 1025 2520 1257 2575; x_wconf 52' lang='lat' dir='ltr'>Menochia}</span> <span class='ocrx_word' id='word_1_375' title='bbox 1277 2517 1370 2566; x_wconf 70' lang='grc' dir='ltr'>εἶναι</span> <span class='ocrx_word' id='word_1_376' title='bbox 1389 2521 1522 2576; x_wconf 61' lang='lat' dir='ltr'>legen—2</span> 
     </span>
    </p>
   </div>
   <div class='ocr_carea' id='block_1_5' title="bbox 1652 2443 1670 2498">
    <p class='ocr_par' dir='ltr' id='par_1_6' title="bbox 1652 2443 1670 2498">
     <span class='ocr_line' id='line_1_43' title="bbox 1652 2443 1670 2498; baseline 0 0"><span class='ocrx_word' id='word_1_377' title='bbox 1652 2443 1670 2498; x_wconf 59' lang='grc' dir='ltr'>ὲ</span> 
     </span>
    </p>
   </div>
  </div>
 </body>
</html>
