1670 3094
294 187 387 237 342
499 169 1380 236 ANNOTATIONES

292 256 382 311 fir.
416 252 601 311 Thucyd.
626 257 715 299 infr.
742 271 776 301 c.
813 270 877 313 50:
906 257 1110 300 δείσαντες
1141 258 1196 311 μὴ
1225 259 1266 300 ἐς
1286 258 1354 302 τὴν
1374 257 1450 314 ‘yfir
1475 257 1575 311 σφὸὸ

295 309 473 365 πειρῶσιν
499 310 723 359 ἀποβαίνειν.
752 313 926 368 Scriptor
957 326 1184 366 anonymus
1213 314 1319 369 apud
1350 313 1505 355 Suidam
1536 312 1576 354 in

296 365 548 420 ἐπιμαχεῑνι
575 365 710 418 φιλίαν
738 367 861 417 σφίσιν
883 365 1084 410 ἔνσπονδοι)
1109 363 1228 416 εἶναι,
1253 367 1318 409 ἐπ)
1349 367 1405 418 τῷ
1434 366 1483 419 τῇ
1508 365 1579 409 ἆλ-

295 414 420 463 λίιλων
442 419 678 473 ἑπιμαχεῖν.

350 474 444 528 Pag.
467 474 530 514 66.
546 475 573 513 l.
596 488 631 513 2.
656 472 711 515 Ἐν
738 471 939 527 παράπλῳ
956 474 1144 525 κεῖσθαι.)
1169 474 1476 528 Thucydideum
1496 471 1578 530 pla-

295 539 347 569 ne
364 527 551 582 loquendi
570 539 715 581 genus,
761 527 842 568 uod
862 528 974 569 multi
995 528 1128 582 postea
1148 527 1237 570 sunt
1257 530 1395 570 imitati
1407 559 1420 578 ,
1443 540 1488 570 ut
1509 529 1579 570 vi-

295 581 389 623 dere
414 579 468 676 i?
492 581 596 636 apud
612 579 720 622 'Casa
802 593 896 623 num
915 582 956 623 in
974 583 1078 624 notis
1103 582 1151 624 ad
1176 582 1349 637 Dionys.
1370 583 1461 624 Hal.
1487 595 1577 638 pag.

382 665 392 675 .
459 646 556 675 uns.

300 648 428 729 342²&
451 689 476 728 l.
508 703 543 742 5.
571 687 679 729 Δέκα
700 687 793 730 ναῦς
815 684 970 742 αὐτοῖς)
992 689 1306 732 Lacedaemonio
1331 689 1510 732 Cimonis
1529 688 1580 729 fi-

297 741 354 784 lio
373 744 413 783 in
440 743 714 784 contumeliam
735 754 885 784 tantum
910 744 1043 784 decem
1068 756 1189 786 naves
1218 744 1369 786 Periclis
1387 743 1499 785 suasu
1520 754 1580 784 at-

299 797 465 838 tributas
485 795 615 838 scribit
639 796 866 839 Plutarchus
891 797 930 838 in
951 796 1105 839 Pericle.
1137 810 1255 852 quem
1277 798 1367 840 vide
1390 811 1478 853 pag.
1504 798 1581 851 167

301 850 360 891 ed.
377 850 556 892 Francof.
576 850 702 892 IDEM,
722 852 799 892 vid.
821 851 992 892 Diodor.
1011 852 1110 901 XII,
1126 865 1220 914 pag.
1247 864 1334 903 304.
1352 864 1388 892 c.
1405 854 1552 892 WAss.

355 909 431 945 ead.
456 905 484 945 l.
517 918 576 947 12.
599 906 655 946 Ἐς
679 905 747 947 τὴν
764 905 980 960 Κέρκυραν)
1004 907 1061 947 Ἐς
1084 911 1131 945 Κε
1151 921 1267 960 mpetu
1291 905 1362 948 Gr.
1386 904 1466 946 sine
1489 904 1582 946 arti-

301 959 414 1008 culo,
436 958 588 1000 reffluS.
611 959 687 1000 Pro
709 959 807 1000 λύειν
829 959 900 1001 Ar.
921 958 1092 1006 κωλύειν,
1130 971 1217 1000 orte
1239 975 1302 1000 πω
1324 957 1432 1000 λύειν.
1455 959 1584 1001 lum.

359 1014 451 1068 Pag.
471 1014 534 1065 67.
555 1015 579 1053 l.
602 1028 640 1068 9.
661 1016 715 1054 Ἐν
736 1013 787 1064 τῇ
804 1011 1051 1066 ’Rama-nsi)
1073 1013 1158 1054 Aut
1175 1027 1264 1069 pars
1285 1027 1307 1054 a
1335 1013 1368 1053 ri
1384 1012 1582 1067 Thespro-

303 1068 372 1111 tici
386 1067 582 1108 Ἐλαιάτις
595 1068 832 1116 vocabatur,
857 1065 1037 1120 (forsan,
1064 1078 1110 1108 ut
1132 1068 1290 1108 coniicit
1338 1066 1541 1116 aimerius,
1556 1080 1583 1107 a
1667 1086 1670 1100 ι

304 1132 424 1176 portu
446 1120 624 1170 Ἐλαίας,
653 1136 770 1177 quem
797 1132 990 1163 memorat
1013 1122 1288 1171 Ptolemaeus)
1313 1122 1427 1162 cuius
1451 1131 1583 1161 tamen
1663 1122 1670 1134 “

306 1176 364 1217 rei
385 1175 537 1217 nullum
566 1175 766 1217 auctorem
798 1176 926 1217 habeo
947 1192 956 1216 :
984 1186 1051 1217 aut
1080 1174 1288 1216 Ἐλειέιτιὸι
1315 1173 1554 1216 scribendum
1567 1204 1580 1224 ,

308 1230 353 1271 &
382 1229 841 1292 significabit-Ephyram
866 1231 907 1270 in
929 1230 1088 1285 palustri
1112 1229 1204 1271 loco
1225 1229 1334 1270 fitam
1347 1259 1359 1278 ,
1394 1238 1437 1269 ut
1460 1227 1586 1268 distin-
1663 1227 1670 1277 ᾖ

308 1296 450 1336 guatur
471 1298 495 1324 a
513 1295 648 1325 ceteris
659 1315 672 1331 ,
691 1298 792 1339 quae
809 1284 948 1325 eodem
966 1284 1124 1324 nomine
1140 1284 1399 1324 vocabantur.
1411 1280 1454 1321 F.
1475 1282 1582 1322 Port.

307 1337 559 1379 'Eazioz'mwh
579 1351 654 1393 pro
678 1337 895 1380 Ἐλαιέιτιὸι
917 1337 1199 1379 rescribendum
1224 1335 1383 1383 censeo:
1403 1336 1457 1376 ita
1478 1336 1583 1376 enim

308 1391 374 1431 illa
392 1393 502 1446 regio
522 1406 544 1432 a
571 1392 784 1448 pellabatur
796 1423 808 1441 ,
832 1393 882 1432 ab
901 1392 1088 1433 Elaeunte
1108 1391 1281 1454 oppido,
1302 1390 1410 1445 quod
1429 1390 1470 1429 in
1492 1402 1587 1430 con—

310 1444 414 1487 finiis
449 1446 701 1508 The-pronae
735 1447 851 1488 situm
885 1457 978 1487 erat.
1017 1444 1235 1487 Berkehus.
1271 1445 1373 1486 Vide
1409 1443 1587 1484 Palmerii
1666 1488 1670 1499 ι

310 1499 453 1542 Graec.
475 1512 592 1555 antiq.
618 1515 656 1555 p.
686 1499 757 1540 281
787 1502 868 1542 διε.
891 1501 934 1542 &
956 1514 995 1555 p.
1021 1513 1109 1553 292.
1129 1501 1270 1541 HUDs.

367 1558 443 1595 ead.
466 1556 491 1594 l.
521 1568 578 1595 ιο.
598 1554 751 1610 Ἐφύρῃ)
772 1554 945 1603 Deinde,
963 1567 1010 1595 ut
1026 1554 1164 1594 Strabo
1187 1553 1266 1595 vll
1281 1581 1292 1599 ,
1309 1550 1486 1605 Κίχυρος.
1512 1564 1587 1606 pro

314 1607 532 1650 Ἐλαιέιτιθι
555 1608 723 1651 rescribit
750 1607 952 1650 Berkelius
980 1606 1240 1649 Ἐλαιοὺντιέι.
1266 1607 1321 1646 V.
1349 1604 1588 1646 Holstenius.

236 1676 238 1682 ’
314 1665 462 1705 WAss.
486 1662 714 1705 Holstenius
744 1663 791 1704 ad
817 1662 999 1717 Stephan.
1027 1676 1068 1704 v.
1093 1661 1228 1702 Ἐλαία
1247 1660 1387 1701 retinet
1415 1658 1588 1714 scriptu-

313 1730 399 1759 ram
414 1717 628 1771 vulgatam.
649 1718 705 1758 Ea
722 1715 752 1758 s1
775 1716 879 1757 rene
903 1717 1039 1766 habet,
1056 1716 1148 1756 nihil
1168 1713 1409 1772 probabilius
1429 1712 1484 1754 est
1505 1711 1588 1754 sen-

313 1772 438 1814 tentia
469 1771 645 1812 Palmerii
665 1801 676 1820 ,
706 1784 825 1826 quam
856 1770 972 1812 etiam
998 1769 1168 1824 sequitur
1199 1768 1339 1811 Cellar-
1365 1767 1404 1807 Π
1437 1766 1587 1821 Geogr.

316 1826 412 1866 Ant.
436 1838 503 1877 ¹33
522 1825 590 1866 ubi
608 1826 709 1867 vitio
731 1837 942 1881 operarum
959 1835 1059 1880 puto
1079 1823 1207 1872 scribi,
1221 1825 1262 1864 in
1278 1821 1438 1864 Graecis
1459 1833 1589 1861 exem-

315 1879 488 1933 plaribus
513 1879 759 1932 Thucydidis
788 1878 864 1920 effe
893 1877 1100 1919 Ἐλεέιτιὲλ
1127 1878 1229 1919 Nam
1254 1877 1310 1917 ita
1337 1874 1467 1930 legisse
1490 1874 1588 1916 Val-

314 1934 419 1982 lam,
441 1944 486 1974 ut
514 1933 582 1988 qui
610 1934 791 1983 verterit,
815 1935 853 1973 in
867 1933 1074 1988 palustribus
1099 1931 1328 1985 Thespmditis
1349 1932 1446 1982 fita,
1471 1927 1589 1983 suspi-

316 1998 428 2028 catur
447 1988 596 2029 Portus.
620 1989 672 2029 H.
700 1988 917 2043 Stephanus
941 1988 980 2027 in
1010 1999 1130 2040 marg.
1155 1986 1215 2027 ed.
1246 1983 1431 2026 secundae
1453 1984 1588 2023 remit-

317 2041 364 2081 tit
378 2041 564 2083 leam-em
581 2042 630 2082 ad
648 2042 852 2083 Annotata
881 2040 968 2089 sua;
987 2054 1060 2081 nec
1080 2051 1210 2080 tamen
1235 2038 1276 2079 in
1298 2038 1360 2099 his
1374 2036 1466 2099 quid
1492 2049 1586 2077 uam

317 2094 367 2135 de
395 2095 468 2137 hac
504 2109 605 2136 voce
630 2096 758 2137 habet.
782 2095 906 2150 Ἐφύρῃ
935 2107 1005 2136 cur
1035 2093 1125 2135 oesu
1153 2093 1269 2135 tertio
1292 2090 1403 2133 scribi
1430 2090 1478 2130 de
1527 2101 1589 2140 at,

320 2161 404 2190 non
418 2149 536 2190 video
555 2178 567 2196 ,
587 2149 629 2190 &
648 2151 782 2204 utique
797 2163 888 2190 cum
903 2148 1176 2204 interpretibus
1191 2144 1430 2207 Thucydidis
1445 2144 1487 2184 &
1504 2144 1590 2206 Pal-

318 2204 447 2245 metio
465 2216 558 2243 cum
578 2203 689 2244 πόλις
707 2203 942 2257 iungendum
964 2213 1079 2257 puto.
1095 2202 1179 2242 Nec
1199 2200 1378 2241 affennor
1394 2197 1590 2248 Cellano,
1643 2230 1645 2233 .

322 2255 437 2297 aliam
456 2255 531 2298 effe
557 2256 688 2307 πόλιν,
709 2271 828 2311 quam
851 2267 1042 2298 memorat
1061 2254 1331 2308 Thucydides,
1351 2251 1468 2293 aliam
1488 2252 1589 2301 Ἐφύ-

322 2325 395 2364 ρην,
411 2311 586 2365 putanti,
607 2321 652 2352 ut
679 2324 730 2351 ex
756 2324 806 2352 eo
839 2322 964 2365 patet,
989 2309 1096 2364 quod
1119 2309 1309 2362 χειμέριον
1326 2318 1464 2361 portum
1484 2307 1587 2346 iuxta

319 2364 589 2418 promontorium
614 2364 675 2418 effi}
702 2363 853 2412 scribit;
873 2366 965 2404 urbis
985 2377 1096 2403 autem
1122 2377 1242 2404 nomen
1265 2363 1434 2415 quodnam
1453 2359 1589 2414 fiterit,

322 2419 486 2459 dubitari.
508 2417 612 2459 Nam
636 2417 666 2458 fi
686 2417 831 2472 Ἐφύρῃ,
858 2418 966 2473 quod
991 2418 1139 2465 editur,
1171 2418 1215 2459 &
1240 2414 1427 2458 Cellarius
1449 2413 1589 2469 proba-

322 2485 367 2515 re
394 2472 574 2524 videtur,
597 2472 850 2531 relinquitur,
870 2485 952 2514 non
973 2472 1069 2514 alius
1091 2469 1166 2513 esse
1186 2469 1313 2527 potest
1335 2469 1476 2522 horum
1498 2479 1589 2513 ver-z
1638 2527 1639 2530 Ἰ
