1670 3094
288 232 401 269 Lxx
526 221 882 269 NOTITIA
916 222 1364 272 LJTERARJA

288 331 332 379 Sc
365 332 632 381 Scholiastes
663 333 895 396 Aristoph.
920 335 980 381 ad
1011 334 1325 381 Acharnenses
1355 353 1403 397 p.
1440 337 1566 398 2892

289 406 332 453 8c
347 408 408 453 ad
427 408 593 470 Vespas
610 427 657 471 p.
676 427 766 471 345
790 420 1023 455 memorat
1035 443 1048 466 ‚
1079 427 1211 456 unum
1227 410 1391 456 Milesii
1410 409 1583 472 filium>

288 479 628 542 Alopecensem
650 517 663 539 ‚
693 482 1052 528 Atheniensium
1074 483 1392 547 demagogum
1417 481 1459 528 8c
1475 473 1587 541 ad·-⁴

289 555 544 618 versarium
556 556 763 614 Periclis,
785 556 993 601 eundem
1009 591 1021 612 ‚
1039 556 1090 600 ni
1111 556 1260 613 fallor⁷
1286 557 1419 602 cuius
1441 556 1583 608 filios,

289 629 527 676 Milefium
547 628 588 675 8c
606 628 903 690 Stephanum
923 639 1154 676 memorat
1171 631 1303 675 Plato
1321 631 1371 675 in
1386 630 1562 676 Meno-

291 714 375 755 ne,
403 697 445 744 8c
468 698 529 744 de
547 715 647 760 quo
671 699 843 760 scripsit
866 700 1069 761 aequalis
1091 701 1187 746 eius
1207 700 1565 760 Stefimbrotus,

292 770 541 818 Athenaeo
556 806 569 829 ‚
592 771 633 818 8c
655 772 704 818 in
722 773 906 819 Periclis
928 775 1024 820 vita
1040 775 1291 822 Plutarcho
1319 775 1534 822 laudatus
1550 793 1586 827 ;.

293 843 550 904 idemque,
575 855 630 890 ut
648 845 885 904 existimo,
905 847 991 907 qui
1011 863 1123 893 cum
1139 847 1343 911 Agnone
1361 846 1403 893 8c
1420 847 1588 913 Phor-⁵
1657 844 1662 854 '

293 917 458 963 mione
501 918 808 982 quadraginta
845 937 985 967 naves
1025 921 1076 966 in
1115 921 1383 968 Samiorum
1421 921 1569 967 subfi-
1654 932 1658 946 ·’

299 986 436 1033 dium
466 1005 493 1033 a
516 989 692 1035 Pericle
719 991 962 1038 obsidione
980 992 1245 1040 cinfiorum
1268 993 1463 1040 Athenis
1482 993 1566 1038 ad·
1654 1022 1655 1026 =

297 1062 464 1121 duxit,
495 1064 607 1110 teste
631 1065 921 1128 Thucydide
940 1065 1169 1114 Historico
1189 1068 1294 1114 Lib.
1326 1081 1365 1124 Ι,
1386 1084 1425 1112 e.
1461 1083 1479 1112 1
1494 1083 1511 1112 1
1526 1081 1567 1120 7.
1586 1116 1593 1120 ,

297 1137 495 1182 Alterum
527 1154 587 1183 ex
611 1138 836 1185 Pharsalia
850 1139 1121 1187 Thessalum
1143 1141 1361 1189 Menonis
1388 1141 1569 1199 filiurn,

298 1208 430 1259 cuius
449 1210 670 1256 meminit
686 1211 993 1274 Thucydides
1006 1211 1300 1258 Atheniensis
1318 1211 1420 1257 Lib.
1438 1223 1569 1269 V111,
1655 1234 1658 1236 ·

299 1275 338 1325 c.
374 1295 462 1339 92,
506 1279 548 1326 Sc
574 1281 870 1328 Marcellinus
901 1294 1037 1330 notat
1068 1284 1366 1329 mentionem
1400 1279 1570 1328 faciam

298 1369 327 1397 a
353 1352 616 1400 Polemone
639 1355 689 1400 in
710 1355 854 1414 Libro
880 1357 941 1402 de
970 1373 1071 1402 arce
1089 1356 1384 1402 Athenienfi:
1417 1358 1571 1401 tertius

298 1423 521 1471 Aristonis
546 1426 694 1484 filius,
720 1430 908 1488 populo
928 1428 1192 1491 Gargettius
1213 1428 1306 1475 five
1321 1426 1571 1490 Acherdu-
1654 1424 1657 1425 ⁷

301 1497 420 1554 fiuS‚
455 1505 596 1560 poeta
614 1533 629 1558 ,
669 1511 956 1546 memoratus
983 1499 1272 1547 Androtioni
1306 1502 1357 1547 in
1385 1500 1571 1547 historia
1654 1533 1670 1571 ᾖ

302 1569 472 1616 Attica.
502 1572 589 1617 His
609 1572 752 1618 addas
778 1587 1006 1635 quartum,
1037 1573 1293 1619 iuniorem:
1319 1574 1451 1624 cuius
1469 1588 1574 1631 me-⁴

304 1649 447 1696 minit
462 1648 623 1697 Suidas
641 1651 690 1696 in
710 1642 928 1717 Μάρτιος,
951 1651 1141 1698 fratrem
1159 1652 1318 1699 Martii
1337 1651 1462 1700 Veri.

532 1824 754 1874 Editiones
779 1836 794 1860 ¹
820 1828 1078 1894 Thucydidis
1114 1829 1319 1879 Graecae.

380 1988 418 2020 1.
443 1974 597 2021 Prima
610 1976 787 2024 Aldina,
810 1975 978 2022 Venet.
1000 1974 1054 2021 A.
1079 1990 1213 2034 1502.
1231 1974 1314 2022 fol.
1333 1974 1460 2022 Cum
1477 1974 1573 2021 vita
1648 1944 1670 2015 s²

307 2048 611 2110 Thucydidis
634 2049 841 2110 duplici,
861 2066 956 2095 una
971 2049 1186 2095 breviore
1196 2050 1421 2112 Anonymi,
1439 2047 1576 2109 (eius·

310 2120 425 2166 dem
447 2120 567 2166 forte
580 2155 594 2179 ,
612 2121 695 2181 qui
710 2121 883 2168 scholia
900 2122 1115 2186 collegit)
1133 2122 1276 2168 altera
1296 2122 1439 2183 paulo
1462 2136 1576 2182 pro·

367 2269 385 2296 1
415 2257 646 2311 praecipuas
669 2256 912 2319 Thucydidis
977 2270 1080 2313 pour
1115 2256 1253 2298 dreffer
1286 2256 1324 2298 le
1357 2256 1577 2311 Catalogue

309 2310 498 2352 editiones
520 2322 609 2352 ante
628 2324 690 2351 me
711 2323 794 2351 non
819 2312 912 2351 ind1-
976 2312 1091 2351 d'une
1123 2311 1407 2365 Bibliotheque.
1460 2311 1577 2352 Rost-

309 2363 473 2419 ligenter
493 2366 699 2406 annotavit
721 2365 912 2405 Fridericus
977 2365 1106 2418 gaardi
1117 2364 1299 2419 scriptum
1307 2365 1451 2405 Veneti
1461 2367 1578 2405 etiam

310 2421 507 2474 Rostgaard
532 2420 571 2459 in
596 2418 737 2473 scripto
760 2418 910 2460 Gallice
974 2418 1213 2466 inseruerunt
1257 2418 1579 2473 Epliemeridibus
1642 2435 1652 2448 ·-

309 2473 415 2514 edito
438 2472 549 2514 Paris.
581 2473 691 2527 1698.
718 2471 785 2513 fol.
814 2472 910 2513 Pro·
974 2472 1048 2512 suis
1071 2472 1242 2513 literariis
1266 2473 1331 2522 (la
1344 2472 1518 2514 Galleria
1536 2474 1575 2513 di

307 2525 365 2580 jet
384 2527 496 2569 d'une
523 2527 708 2570 nouvelle
727 2527 910 2568 methode
974 2527 1176 2578 Minerva)
1191 2527 1241 2570 T.
1250 2525 1320 2577 111,
1334 2541 1371 2582 p.
1386 2540 1473 2577 124.
1488 2539 1574 2582 192.
