1670 3094
299 211 350 244 cl
359 209 394 246 V
465 197 593 244 CAR.
614 196 798 244 ANDR.
814 197 861 243 D
870 196 1059 244 UKERI
1082 197 1319 244 PRAEFA
1329 200 1373 245 T
1367 200 1398 254 I
1401 195 1455 246 Οἵ

297 307 389 357 illo,
409 306 472 348 sed
494 320 518 347 e
536 305 804 347 Demosthene
830 306 935 360 apud
948 307 1321 361 Harpocrationem,
1342 307 1474 348 velex
1491 308 1577 350 aliis

299 369 554 424 scriptoribus
563 369 703 410 Atticis
716 368 915 408 ostendere
936 369 1160 409 debuerant.
1179 369 1412 424 Apostolius
1424 371 1460 410 ΙΙ
1479 370 1576 411 Pro-

299 433 413 473 verb.
438 432 510 473 80:
539 432 750 486 Λειβηθρίων
779 432 1028 486 ἁνοητὸτερος.
1051 433 1293 476 oovnvslsnc
1314 434 1435 485 ταύτῃ
1462 433 1580 488 ἐχρή-

298 510 410 536 σατο.
435 493 698 537 Certiffimum
711 495 792 543 est,
813 508 902 536 eum
925 495 1025 546 falli,
1046 509 1119 537 nec
1136 496 1299 551 usquam
1318 498 1396 539 hoc
1415 511 1581 553 prover·

297 557 435 598 bium·
427 571 466 597 in
490 557 725 609 Thucydide
749 558 929 599 inveniri.
957 559 1004 598 In
1025 559 1182 600 Thoma
1206 559 1394 614 Magistro
1413 574 1578 615 quoque

300 631 385 659 non
411 632 533 674 pauca
563 619 680 660 huius
702 620 851 673 generis
880 620 1135 675 deprehendi
1157 622 1313 663 veluti
1303 635 1345 662 m
1370 622 1577 676 ἑπῑτιμοςε

300 679 508 732 ἐπιτίμους
532 682 608 720 τὰς
630 675 759 720 σῦσίοις
784 680 949 729 ἐποίουν,
975 681 1098 735 quod
1103 694 1308 736 perperam
1329 695 1353 724 e
1372 683 1428 734 V,
1451 695 1500 736 34
1513 683 1579 724 de

300 741 484 818 scriptum
499 739 695 794 suspicor3
719 742 757 779 in
778 740 990 795 εὔγνωμονε
1015 740 1189 797 ἄγνωμον
1205 743 1428 799 ἀνθρώπιον;
1447 745 1487 784 in
1505 756 1580 784 Λα-

299 819 439 857 μυριοιε
459 807 614 856 λαμυρὲι
629 817 762 857 orn-yn:
786 805 827 844 δι
850 805 923 846 alia
947 806 1062 855 alibi3
1083 820 1257 862 quorum
1276 821 1368 849 cum
1389 806 1578 864 pleraque

301 879 326 907 a
346 866 439 907 clar.
463 865 623 915 Waffe,
644 865 848 919 postquam
869 868 993 921 prima
1015 868 1166 922 aliquot
1191 867 1287 910 folia
1307 866 1448 909 Indicis
1469 881 1578 909 acce·

300 941 437 983 peram
448 959 461 978 ‚
478 927 685 968 observata
699 927 864 968 viderim
874 959 886 978 ,
901 929 1075 983 pluribus
1093 930 1317 985 colligendis
1336 928 1577 985 supersedeo.

300 989 368 1031 De
393 990 452 1031 his
479 989 660 1031 omuibus
682 990 776 1044 quid
796 991 939 1040 dicam,
965 1005 1047 1032 non
1078 993 1231 1045 habeo,
1264 992 1333 1034 nifi
1357 991 1577 1034 verosimile

300 1051 399 1100 effe,
417 1050 515 1091 alios
533 1063 582 1090 ex
602 1050 663 1091 his
678 1052 870 1092 memoria
888 1051 1058 1094 confisos
1066 1054 1364 1108 Thucydidem,
1376 1066 1469 1094 cum
1487 1051 1594 1092 scri·-v

300 1113 470 1162 bebant,
493 1124 576 1152 non
602 1111 822 1167 inspexisse,
852 1126 980 1168 eoque
1017 1113 1165 1155 factum
1197 1113 1294 1165 effe,
1322 1123 1367 1155 ut
1390 1113 1457 1155 vel
1482 1113 1578 1163 alia,

301 1189 421 1230 quam
443 1174 546 1228 apud
569 1187 659 1215 eum
681 1174 933 1229 legebantur,
954 1175 1189 1227 scriberent,
1206 1177 1273 1219 vel
1291 1178 1329 1218 ei
1342 1176 1579 1226 tribuerent,

301 1250 406 1291 quae
429 1236 596 1276 aliorum
621 1246 750 1285 erant3
776 1237 875 1277 alios
893 1239 1176 1293 exemplaribus
1197 1239 1247 1280 ab
1265 1239 1335 1289 iis,
1354 1251 1455 1294 quae
1475 1250 1579 1278 nunc

302 1300 521 1349 habemus,
543 1297 844 1353 discrepantibus
865 1300 955 1341 usos
975 1300 1072 1351 effe3
1094 1314 1140 1342 ac
1161 1301 1326 1356 denique
1350 1301 1438 1342 lom
1459 1313 1578 1354 quae·

303 1362 393 1403 dam
412 1393 426 1412 ‚
446 1362 487 1402 in
509 1362 651 1416 quibus
670 1361 892 1403 testimonio
912 1363 1156 1417 Thucydidis
1177 1374 1341 1406 utuntur
1353 1395 1365 1413 ,
1389 1374 1578 1416 corrupta

300 1424 402 1472 effe,
421 1434 467 1465 ut
483 1434 697 1478 utrumque
711 1424 846 1465 locum
867 1424 1057 1475 Pollucis,
1082 1426 1123 1466 in
1144 1439 1227 1480 quo
1247 1426 1335 1466 libri
1359 1424 1487 1480 scripti
1508 1436 1578 1464 va·
1667 1455 1670 1464 .

301 1487 429 1535 riam,
450 1486 493 1527 &
515 1485 672 1540 quidam
689 1498 834 1526 nomen
852 1486 1093 1539 Thucydidis
1116 1500 1197 1528 non
1216 1488 1371 1528 habent.
1395 1486 1470 1528 Sed
1492 1497 1576 1526 non
1663 1478 1670 1497 ³

301 1547 391 1589 satis
413 1548 546 1588 mirari
565 1545 741 1601 poffum,
762 1546 853 1600 quid
873 1547 912 1586 in
935 1557 1103 1586 mentem
1129 1547 1266 1588 venire
1285 1547 1456 1601 potuerit
1474 1546 1575 1586 Pan·
1659 1543 1670 1568 ἲ

294 1610 409 1658 tino,
433 1619 477 1649 ut
497 1608 592 1648 haec
605 1607 758 1649 Graeca
772 1606 967 1661 Apostolii
987 1606 1067 1654 111,
1092 1621 1164 1661 29,
1182 1605 1252 1648 Τῆς
1270 1606 1413 1647 Πυθίοις
1431 1603 1452 1648 ὁ
1475 1604 1575 1659 ‘yur-3·

301 1687 383 1726 μη,
404 1671 444 1713 ἣν
465 1672 586 1726 εἴρηκε
611 1674 705 1722 πρὸς
732 1669 897 1711 saarim-av
919 1672 983 1711 τὶν
1000 1669 1274 1720 Ἐπικυὲίὲην,
1300 1668 1576 1724 Σπαρτιάτην,

299 1744 474 1776 verteret
486 1766 502 1782 ,
510 1735 680 1788 fintentia
696 1734 739 1787 est
751 1733 925 1787 Pythiae,
941 1747 1045 1786 quam
1064 1735 1161 1786 apud
1169 1731 1440 1784 Thucydidem
1458 1731 1574 1772 Glau-

300 1813 344 1838 co
359 1797 561 1850 Spartiatae
578 1794 699 1842 dixit,
721 1793 764 1833 &
783 1806 833 1833 ex
850 1793 1063 1847 Epicydide
1080 1793 1356 1846 Thucydidem
1371 1792 1483 1833 nobis
1502 1791 1577 1831 mi-

300 1870 348 1898 ra
370 1853 671 1909 metamorphosi
698 1853 852 1895 faceret.
876 1855 1023 1895 Habuit
1042 1853 1130 1894 alibi
1150 1865 1317 1895 mentem
1330 1883 1342 1902 ‚
1363 1867 1455 1894 cum
1479 1853 1574 1892 hacc

302 1919 515 1968 scribebat,
549 1917 743 1958 Pantinus.
782 1917 910 1970 Quod
940 1916 1087 1970 Pythia·
1112 1916 1268 1958 Glauco
1293 1915 1410 1965 dixit,
1438 1914 1575 1968 ἀνὸρὶς

301 1981 344 2023 8²
367 1979 511 2034 εὖόρκου
537 1979 649 2035 ’γενεὴ
674 1981 912 2032 μετόπισθεν
947 1979 1130 2032 ἀμείνων,
1159 1992 1241 2020 non
1274 1979 1313 2018 in
1335 1977 1574 2030 Thucydide

301 2044 384 2093 est,
405 2043 468 2084 sed
491 2044 529 2084 in
550 2044 758 2084 Herodoto
777 2043 861 2091 VI,
883 2042 934 2084 86
947 2074 957 2091 ‚
977 2043 1021 2083 &
1040 2056 1089 2084 ex
1111 2055 1162 2084 eo
1187 2043 1227 2082 in
1254 2042 1425 2083 Stobaeo
1450 2040 1572 2082 Seram.

301 2108 485 2157 XXVI13
508 2121 578 2149 nec
597 2107 846 2148 ’Emnvel‘ism
869 2106 923 2147 est
941 2106 1207 2159 Thucydides.
1221 2106 1267 2146 In
1279 2103 1485 2159 Apostolio
1505 2117 1574 2145 au-

303 2183 384 2214 tem
409 2185 483 2227 pro
509 2174 571 2212 τὀν
592 2165 841 2212 Ἓπικυθίὸην
870 2170 1108 2212 scribendum
1136 2169 1191 2211 est
1213 2172 1276 2210 τὶν
1294 2166 1571 2218 Ἐπικυὲίὲουῇ

302 2236 414 2294 quod
435 2235 663 2278 Herodotus
685 2235 729 2276 δι
752 2234 940 2276 stobaeus
961 2234 1091 2277 dicunt
1112 2238 1175 2278 τὴν
1197 2231 1491 2277 Ἐπικυὲείὸεος.

693 2382 1179 2402 ’ὼ-Ι--ῌ
