1670 3094
317 199 413 250 324
515 183 1379 238 ANNOTATIONES

313 274 358 314 Id
381 272 458 323 est,
484 274 558 329 (ut
576 275 625 316 iis
646 275 761 316 etiam
781 273 978 317 consulam
992 305 1004 324 ‚
1028 275 1095 330 qui
1115 276 1243 317 minus
1266 276 1356 318 sunt
1379 277 1428 318 in'
1442 276 1586 321 sermoi

314 341 364 368 ne
385 328 539 370 Graeco
556 330 774 384 exercitati)
799 332 878 370 Eas
904 341 1015 370 autem
1028 331 1152 384 scripfi
1175 332 1297 384 causas
1310 360 1322 380 ,
1355 347 1441 385 quae
1489 334 1585 373 alam

312 381 558 435 affirebamur,
577 385 696 437 potius
716 398 818 438 quam
845 399 926 433 eas,
945 398 1032 438 quae
1056 385 1238 438 veriffi'mae
1265 385 1362 438 fient.
1388 384 1437 438 (s
1499 400 1585 427 ma·

313 436 372 489 gis
394 436 541 490 placet,
562 439 677 491 potius
709 451 810 491 quam
838 452 912 476 eam
925 466 937 485 ,
958 453 1042 491 quae
1071 440 1237 491 veriffi'nza
1263 441 1330 492 est,
1355 452 1446 479 cum
1468 441 1586 481 unius

312 501 465 530 tantum
479 521 491 540 ,
512 504 612 545 quae
630 490 714 530 talis
731 490 798 540 fit,
821 490 870 530 ab
891 503 940 531 eo
962 490 1030 531 fiat
1050 492 1229 545 mentio)
1249 495 1445 546 venffimam
1469 495 1583 543 enim,

304 543 373 596 sed
392 546 432 583 de
455 560 523 598 qua
548 545 683 583 minime
702 546 753 597 fit
774 543 919 596 spatfits
942 559 1077 593 rumor,
1105 546 1195 585 hanc
1224 545 1287 598 ff
1312 545 1470 587 arbitror.
1496 549 1582 589 Ve-

311 611 404 638 rum
426 597 693 646 ἀφανεστάτην
711 596 818 651 λόγῳ
839 610 928 637 cum
949 598 1072 639 dicere
1094 599 1293 650 videatur,
1318 602 1584 655 comparando

242 664 245 666 ·
311 664 402 692 cum
423 652 528 700 aliis,
550 650 682 690 malim
703 651 756 691 ita
782 651 1046 705 interpretari,
1067 654 1134 706 sed
1156 655 1196 692 de
1225 669 1292 707 qua
1316 656 1453 704 minus,
1475 669 1580 707 quam

312 708 353 745 de
374 705 459 744 aliis
482 705 603 759 (vel,
627 719 728 759 quam
755 708 794 744 de
823 705 898 744 alia
915 704 1018 759 ulla)
1035 708 1086 757 fit
1103 705 1192 759 spat
1204 721 1245 746 us
1272 722 1393 748 rumor.
1416 707 1582 763 Alioqui

311 757 428 812 poffis
444 759 487 800 δι
505 759 557 798 ita
575 758 837 813 interpretari,
858 756 1083 813 superlativi
1101 772 1168 812 gra
1193 772 1239 799 us
1257 761 1338 800 vim
1366 762 1582 816 exprimen-

311 812 365 852 do
379 813 464 865 ,sed
480 814 628 853 omnium
648 815 796 853 maxime
813 812 987 862 latentem,
1009 816 1101 866 quod
1115 816 1165 853 ad
1180 828 1339 854 rumorem
1353 815 1469 868 (vel,
1490 820 1586 870 quod

311 870 362 906 ad
375 865 545 920 famam)
579 868 712 908 attinet.
741 865 967 920 Eodemque
997 865 1114 921 poffis
1140 867 1261 907 modo
1279 898 1291 917 ‚
1321 867 1434 909 hasce
1458 883 1582 911 voces

311 919 584 970 ἀφανεστάτην
604 921 730 974 λόγῳ,
751 919 947 961 resolvere
965 921 1004 959 in
1022 919 1108 960 istas
1127 919 1302 974 (sumtas
1317 934 1367 962 ex
1389 922 1459 972 iis,
1475 937 1580 977 quae

310 973 385 1014 illis
403 986 679 1029 opponuntur,
699 974 855 1016 verbis}
876 970 1022 1015 η’κιστα
1049 974 1087 1014 ἐς
1105 977 1149 1014 το
1178 977 1336 1028 φανερὴν
1355 977 1576 1029 λεγομένην.

281 1058 284 1059 ⁷
313 1027 434 1080 Quae
459 1029 577 1069 etiam
605 1027 799 1068 antithesis
829 1029 942 1068 docet
960 1059 973 1077 ‚
1003 1040 1083 1067 non
1111 1028 1210 1069 bene
1235 1029 1330 1069 haec
1355 1030 1475 1070 verba
1503 1030 1580 1072 ess'e

310 1082 604 1138 interpretatum
626 1095 716 1123 eum
734 1113 747 1132 ‚
779 1082 848 1136 qui
879 1082 1059 1130 reddidit,
1083 1082 1253 1123 verborum
1278 1095 1459 1137 praetextu
1485 1086 1581 1139 diff?

310 1137 457 1177 mutata.

378 1190 511 1231 Libuit
531 1199 663 1230 autem
691 1189 797 1231 hunc
821 1189 953 1231 locum
982 1189 1179 1243 diligenter
1198 1190 1444 1241 examinare,
1467 1201 1512 1232 ut
1535 1191 1579 1232 in

310 1256 362 1285 eo
384 1245 453 1285 tibi
470 1243 688 1297 exemplum
710 1257 973 1298 proponerem
995 1244 1082 1284 miri
1107 1242 1302 1284 cuiusdam
1322 1244 1433 1293 usus,
1458 1258 1578 1299 quem

309 1299 430 1340 habet
449 1298 641 1339 interdum
667 1299 852 1352 particula
874 1298 944 1338 ista
967 1300 1052 1350 ’γᾶς
1077 1298 1181 1351 apud
1207 1297 1314 1338 hunc
1337 1296 1578 1353 scriptorem.

309 1352 416 1394 Cum
439 1363 568 1394 tamen
590 1352 685 1393 haec
706 1352 839 1392 omnia
861 1351 1102 1407 scripsissem,
1124 1352 1310 1392 memoria
1330 1349 1398 1391 fibi
1414 1351 1496 1394 visa
1520 1353 1577 1395 est

308 1407 423 1447 aliam
439 1406 535 1447 mihi
556 1419 607 1446 ex
621 1405 821 1459 Dionyfio
835 1405 1121 1447 Halicarnass'eo
1144 1405 1350 1455 lectionem
1363 1405 1470 1460 posse
1489 1406 1576 1473 sug.

308 1473 462 1514 gerere:
489 1473 608 1515 quem
627 1473 738 1510 cum,
757 1461 842 1500 eius
863 1460 1088 1508 admonitu,
1112 1457 1301 1509 adiissem,
1325 1460 1482 1509 inveni,
1502 1474 1575 1502 την

305 1514 377 1567 μὲν
398 1510 460 1556 οὖν
486 1514 764 1555 ἀληθεστάτην.
784 1514 857 1555 Sed
874 1514 981 1568 quod
1002 1514 1048 1554 de
1068 1512 1148 1553 aliis
1174 1512 1276 1561 dixi,
1299 1526 1400 1567 quae
1422 1513 1577 1556 diverse

306 1570 411 1624 apud
439 1582 531 1611 eum
557 1568 636 1609 hoc
658 1569 698 1608 in
725 1568 817 1610 loco
844 1568 880 1609 le
906 1579 1047 1617 untur,
1071 1567 1170 1608 idem
1196 1567 1239 1622 §c
1265 1566 1313 1608 de
1343 1567 1420 1609 hoc
1448 1568 1574 1610 dicere

304 1635 449 1677 potero
476 1621 654 1672 fortasse,
687 1635 778 1663 eum
807 1622 870 1676 lap
888 1636 915 1662 u
943 1622 1151 1663 memoriae
1174 1622 1236 1661 οὖν
1266 1633 1340 1675 pro
1371 1623 1457 1675 γὰρ
1483 1621 1576 1669 scri-⁴

305 1677 433 1731 pfiffe:
449 1676 669 1732 praesertim
687 1690 778 1717 cum
798 1675 859 1717 illa
878 1677 999 1717 menti
1019 1676 1141 1730 magis
1164 1674 1305 1726 obvia,
1323 1688 1442 1730 quam
1459 1675 1576 1727 haec,⁴

303 1730 417 1773 fuiss'e
436 1731 560 1772 videri
582 1729 708 1785 poffit.
734 1731 887 1772 STEPH.

360 1788 438 1826 ead.
456 1787 482 1826 l.
511 1798 571 1839 15·
606 1784 859 1836 Ἐπίδαμνος,
889 1782 1002 1833 ἔστι)
1032 1782 1110 1824 Hic
1136 1781 1247 1824 locus
1271 1782 1484 1838 aliquando
1506 1796 1572 1826 me

303 1840 436 1890 torfit,
461 1853 542 1881 non
562 1839 660 1880 bene
684 1839 958 1893 intelligentem
978 1835 1229 1877 differentiam
1249 1837 1348 1878 inter
1367 1837 1478 1878 Ἰόνιον
1501 1837 1574 1881 πέρ

303 1905 435 1947 λαγός
458 1895 500 1935 &
522 1893 635 1935 Ἰόνιον
657 1893 821 1943 κόλπον,
844 1892 934 1933 licet
957 1891 1163 1945 aliquando
1197 1903 1317 1932 unum
1338 1903 1412 1945 pro
1442 1891 1569 1932 altero

301 1959 482 2001 ponatur.
503 1947 685 2002 Intelligit
702 1947 820 2001 igitur
843 1945 1095 1998 Thucydides
1115 1957 1185 1999 per
1208 1944 1321 1986 Ἰόνιον
1341 1943 1508 1992 κόλπον,
1530 1945 1570 1986 id

302 2014 431 2050 mare,
453 2002 561 2056 quod
577 2002 660 2042 aliis
678 2001 922 2042 Adriaticum
938 2000 1095 2046 dicitur,
1114 1998 1221 2052 quod
1236 1998 1352 2039 etiam
1371 1997 1482 2052 saepe
1501 1998 1573 2039 Io-

301 2057 410 2095 nium
431 2055 667 2110 appellatur,
693 2055 734 2096 &
758 2054 813 2095 est
834 2067 922 2108 pars
941 2053 1043 2094 Ionii
1068 2053 1208 2113 magni.
1232 2052 1325 2093 Ideo
1347 2051 1476 2107 plures
1499 2051 1568 2092 Io·

300 2109 408 2149 nium
434 2122 579 2150 nomen
611 2110 710 2150 ultra
748 2107 1035 2150 Acroceraunia
1061 2109 1197 2147 verius
1225 2105 1457 2146 Dalmatiam
1493 2117 1567 2146 ex-

298 2163 461 2204 tendunt
475 2192 488 2211 ‚
512 2163 602 2203 licet
632 2163 695 2203 alii
722 2162 1012 2203 Acroceraunia
1039 2158 1199 2200 fecerint
1226 2160 1431 2200 terminum
1464 2158 1566 2201 lonii

299 2219 419 2258 maris
442 2217 484 2257 &
513 2217 742 2271 principium
766 2216 965 2256 Adriatici.
989 2214 1054 2254 Sic
1077 2212 1366 2267 Theophrastus
1393 2212 1432 2253 A
1461 2213 1566 2253 ollo-

297 2271 403 2311 niam
429 2282 554 2311 vocat
581 2269 652 2311 τὴν
672 2270 758 2324 περὶ
783 2272 827 2309 το
853 2270 986 2316 Ἰόνιον,
1006 2281 1093 2321 quae
1121 2269 1165 2321 est
1183 2270 1233 2306 ad
1254 2267 1411 2314 Iom'um,
1457 2266 1507 2308 'b.
1535 2266 1564 2307 8

296 2325 346 2366 de
360 2319 444 2365 hist.
468 2324 587 2379 plant.
601 2337 683 2378 cap.
711 2337 772 2372 10,
794 2323 902 2377 quod
921 2335 963 2363 re
1014 2322 1061 2360 tit
1078 2320 1144 2360 lib.
1161 2335 1179 2374 3
1194 2350 1206 2370 ‚
1224 2332 1311 2373 cap.
1336 2333 1358 2359 2
1382 2321 1430 2360 de
1451 2319 1564 2360 Cau-

295 2378 347 2420 fis
367 2378 486 2433 plant.
516 2378 578 2419 Sic
602 2378 643 2418 δι
665 2377 812 2418 Conon
831 2376 934 2431 apud
983 2375 1138 2415 hotium
1160 2374 1208 2414 de
1229 2374 1362 2415 eadem
1383 2373 1501 2414 urbe:
1522 2374 1560 2414 en
1625 2363 1649 2427 „i”

290 2435 429 2486 fluvius
451 2433 555 2473 Aous
574 2447 635 2485 per
654 2433 797 2471 mediam
818 2445 893 2470 eam
918 2433 1034 2482 fluens
1057 2429 1128 2467 exit
1148 2428 1186 2467 in
1209 2429 1343 2468 Ionium
1369 2442 1468 2468 mare.
1493 2426 1560 2470 Sic
1624 2430 1641 2483 ἰι

295 2487 499 2542 Appianus
520 2486 690 2530 civilium
722 2500 740 2540 ς
770 2484 816 2527 de
840 2483 1026 2529 divisione
1049 2482 1196 2538 imperii
1219 2482 1318 2524 inter
1342 2480 1556 2523 Ostavium

1628 2509 1670 2580 i
