1670 3094
313 155 410 219 ,ψ
514 150 1381 203 ANNOTATIONES

380 246 471 297 Pag.
500 257 558 299 54.
585 246 610 284 I.
638 260 670 286 1.
702 245 772 286 Καὶ
800 244 1005 299 ἐπιόντων)
1029 259 1109 287 om.
1130 245 1192 288 Cl.
1214 257 1253 287 at
1275 246 1355 289 fine
1367 246 1582 292 sententiae

311 297 511 353 dispendio
528 298 653 340 abeffe
675 299 821 353 nequit.
853 300 999 340 WAss.

367 355 442 392 ead.
463 352 488 392 l.
513 367 548 392 2.
578 353 841 406 Προσλοιβεῖν)
864 353 960 393 Non
983 352 1213 408 προσλαβεῖν
1228 386 1240 404 ,
1268 353 1331 396 sed
1351 354 1583 408 προλαβεῖν,

311 406 428 446 Valla
449 405 552 446 levit.
574 407 728 447 Verum
749 407 867 448 etiam
887 407 1028 461 pagina
1064 421 1110 460 57
1135 408 1227 448 illud
1240 437 1251 456 ‚
1274 421 1356 449 non
1372 409 1472 459 hoc,
1495 409 1585 451 scri·-

310 470 423 514 ptum
449 441 526 509 eff,
553 460 595 501 δι
615 474 638 500 a
661 459 870 501 Scholiaste
893 461 1122 514 agnoscitur.
1145 462 1297 503 STEPH.

367 517 440 553 ead.
466 514 490 553 l.
523 529 558 567 3.
579 514 671 554 Τοὺς
697 514 739 553 ἐκ,
769 512 835 555 τῆς
858 511 1042 567 ὑμετέρας
1058 515 1335 569 μισθοφόρους)
1366 516 1476 557 Haec
1495 515 1586 558 scri-

311 577 451 622 ptura,
473 580 557 608 non
581 581 680 621 quae
702 567 867 620 margini
888 566 1073 622 adscripta
1088 567 1162 615 est,
1184 570 1223 609 in
1243 580 1324 610 vet.
1344 583 1435 610 meo
1451 583 1585 610 exem·

310 622 412 715 plari
441 621 578 661 exstat:
608 621 714 671 quod
743 620 773 660 s1
793 631 924 661 tamen
946 622 1020 663 τὰς
1047 623 1298 676 μισθοφορίας
1331 624 1586 677 Thucydides

329 673 490 729 cripsiffe
513 685 740 729 putaretur,
764 675 815 715 ita
826 673 1074 728 μισθοφορίας
1096 675 1226 716 dixiss'e
1247 675 1333 717 ἀντὶ
1354 677 1427 718 τῶν
1446 683 1584 728 μισθο-
1668 678 1670 681 ’

310 727 1036 823 ssgssssze'zssefssffi’ffssssze2332&ssssssss
1050 728 1583 836 ‘'2322“{1'32'235'552‘53‘5

519 815 528 823 ι
1044 814 1057 832 '
1567 807 1586 817 ς

365 847 391 876 t.
532 867 540 876 .

310 836 546 942 had-1³52
572 883 660 931 e'O'rt
690 889 724 930 οἱ
746 885 855 930 afim
888 912 934 921 -
964 888 1153 942 βλάψαι)
1173 889 1335 946 Ulpian·
1354 890 1587 946 inArgum.'

312 943 482 997 Olynth.
504 945 532 984 ίι
551 943 837 985 Demosthenis.

366 1002 441 1038 ead.
465 998 489 1038 l.
517 1012 573 1052 ¹3·
593 998 888 1052 Ἐχυρώτωτος)
910 997 957 1037 In
983 997 1112 1052 Steph.
1139 998 1181 1038 &
1207 996 1256 1038 al.
1276 998 1359 1040 edd.
1386 999 1586 1053 bxupobwe

311 1066 390 1092 τος.
412 1053 504 1093 Non
527 1053 654 1093 minus
674 1053 800 1107 placet
825 1051 1094 1106 ἑχυρώτοιτος,
1113 1051 1360 1106 praesertim,
1385 1066 1475 1094 cum
1496 1067 1586 1108 pag.

310 1106 366 1154 64
388 1106 608 1160 ἐχυρωτέριι
632 1106 794 1157 &duabus
825 1104 1008 1161 scriptum
1029 1105 1095 1154 fit,
1121 1106 1164 1146 δι
1185 1106 1272 1146 alibi
1298 1120 1353 1161 qu
1408 1121 1458 1148 ue
1486 1108 1587 1149 haec

309 1159 498 1215 scriptura
518 1160 649 1201 exstet.
675 1160 826 1201 STEPH.
848 1159 1012 1214 Ἐχυρδς
1035 1172 1117 1200 non
1143 1170 1292 1200 tantum
1313 1161 1360 1216 gd
1399 1174 1497 1211 oca,
1521 1161 1585 1203 sed

311 1213 556 1269 &personas
574 1214 725 1269 spectat.
749 1213 941 1255 Plutarch.
963 1212 1135 1260 Solone,
1151 1213 1293 1267 ἐχυρὸς
1312 1215 1354 1256 ἦν
1372 1217 1467 1270 προς
1493 1214 1586 1256 ’τοὺς

311 1269 466 1309 καλούς.
498 1268 617 1323 Apud
640 1267 847 1322 Iosephum
880 1281 918 1322 p.
949 1267 1023 1307 186
1049 1281 1123 1322 pro
1156 1267 1392 1320 ὂχυρὸτοιτον
1418 1270 1583 1310 omnino

310 1321 386 1376 leg.
413 1322 675 1376 ἓχυρότοιτον,
702 1323 764 1363 cui
786 1321 892 1363 favet
917 1321 1054 1362 Codex
1077 1321 1203 1362 Samb.
1229 1320 1370 1362 Noster
1401 1335 1489 1377 pag.
1518 1322 1586 1372 64.

311 1377 393 1416 vid.
422 1376 620 1418 Scholiast.
647 1390 732 1431 pag.
759 1375 849 1425 462.
871 1376 987 1416 Voce
1018 1374 1166 1429 ὃχυρόω
1193 1375 1250 1416 ufi
1271 1375 1421 1416 Aelian.
1448 1377 1504 1418 V.
1529 1377 1587 1419 H.
1647 1422 1649 1426 Α

310 1430 432 1480 XIII,
463 1445 494 1470 1.
520 1431 699 1485 Xenoph.
724 1429 778 1470 D.
803 1428 1002 1470 Halicarn.
1024 1431 1169 1470 WAss.

366 1485 460 1536 Pag.
488 1497 547 1537 55.
574 1485 599 1526 l.
623 1499 662 1536 7.
684 1482 850 1536 Ὁσονοὺ)
873 1483 1019 1523 Notam
1043 1483 1230 1537 integram
1250 1482 1292 1523 St
1343 1480 1588 1524 hanidescri-

311 1537 386 1592 psit
406 1538 615 1579 Hudsonus
640 1540 680 1578 in
698 1539 796 1579 Var.
818 1536 989 1577 Lefflon.
1013 1537 1144 1585 Loca,
1162 1549 1262 1592 quae
1288 1549 1312 1577 a
1343 1547 1402 1577 ert
1425 1537 1585 1592 Stepha-

311 1604 408 1640 nus,
434 1592 530 1632 njhil
549 1591 694 1634 faciunt
715 1605 789 1646 pro
811 1590 977 1631 leffione
1001 1589 1084 1632 ὅσον
1109 1590 1224 1631 οὔπω.
1246 1590 1348 1631 Nam
1373 1590 1587 1643 Thucydi·

311 1646 378 1686 des
403 1659 484 1688 non
515 1648 642 1688 minus
665 1645 776 1713 saepe
796 1645 890 1685 dicit
921 1644 1043 1685 ὃσσνοὺ
1069 1645 1112 1685 &
1142 1643 1316 1693 ὅσονοὺκ,
1345 1658 1463 1699 quam
1495 1643 1582 1685 ‘do-w
1636 1670 1639 1675 ·

311 1699 416 1740 οὔπω
436 1731 447 1750 ,
477 1702 520 1742 &
542 1700 623 1742 ὅσον
653 1696 816 1740 οὖδεπω.
839 1697 929 1739 Vid.
957 1698 1038 1739 Ind.
1072 1699 1121 1738 Et
1143 1709 1354 1752 utrumque
1386 1699 1488 1740 recte
1511 1698 1587 1739 dici

310 1755 426 1795 docet
452 1755 597 1795 Thom.
630 1755 733 1808 Mag.
757 1753 883 1794 Porro
905 1751 1050 1806 ubiq'ue
1077 1753 1188 1795 varie
1217 1750 1395 1794 scribitur
1435 1751 1557 1794 ὃσονοὺ
1569 1781 1587 1803 ,
1637 1752 1638 1755 ’

310 1807 395 1849 ὅσον
419 1804 457 1848 οὗ
474 1840 486 1857 ,
515 1808 689 1858 ὅσονοὺιι,
711 1808 753 1848 ὃ(
772 1806 858 1847 ὅσον
880 1802 958 1846 οὗιι.

364 1865 442 1902 ead.
467 1863 493 1902 l.
527 1875 586 1902 10.
610 1859 885 1914 Πολεμοῧται)
906 1859 1236 1908 Convenientius‚
1260 1871 1378 1914 quam
1399 1857 1584 1911 πολεμεῗ-
1636 1907 1637 1910 ¹

311 1920 434 1964 σὲιαι,
457 1916 611 1958 videtur
637 1916 728 1957 huic
746 1915 839 1956 loco
859 1913 934 1954 effe
957 1911 1242 1965 πολεμοῧσὲοιιε
1267 1912 1374 1967 quod
1395 1912 1512 1953 habes
1538 1913 1584 1954 δε

310 1983 347 2010 c.
377 1983 425 2023 57
444 1970 600 2011 duobus
620 1970 661 2010 in
677 1969 783 2010 locis.
806 1968 883 2008 Pro
905 1967 1043 2008 eodem
1067 1977 1197 2008 autem
1211 1967 1255 2008 &
1269 1964 1583 2018 ἐκπολεμοῦσῧειι
1632 1971 1633 1974 ’

309 2023 464 2064 dicitur.
496 2024 648 2066 STEPH.
677 2023 750 2064 Sed
778 2022 1064 2076 Harpocration
1096 2021 1184 2061 dicit
1210 2018 1480 2071 ἐκπολεμῶσαι
1506 2018 1583 2061 effe

309 2077 365 2117 εἰς
389 2077 556 2128 πόλεμον
581 2075 852 2118 umanum:
879 2076 987 2130 quod
1008 2075 1096 2115 huic
1118 2075 1209 2115 loco
1232 2086 1313 2115 non
1337 2073 1537 2117 convenit.

364 2132 448 2171 ibid.
477 2130 548 2172 Τιῖς
574 2146 620 2172 τε
646 2133 726 2185 ’γὰρ
751 2129 959 2183 Ἰταλίας)
989 2129 1092 2169 Vide
1124 2127 1395 2182 Xenophontis
1418 2125 1586 2167 Ἑλληνι-

310 2183 386 2225 κῶν
412 2184 477 2224 lib.
505 2185 556 2233 6,
587 2198 675 2238 pag.
715 2183 785 2237 585
822 2184 881 2224 ed.
910 2182 1070 2223 Leuncl.
1099 2181 1144 2221 δε
1170 2181 1292 2222 Diod.
1316 2179 1491 2222 Siculum
1515 2180 1584 2222 lib.

314 2250 386 2287 ιο,
406 2252 445 2292 p.
481 2250 552 2290 313
580 2238 639 2278 ed.
670 2237 802 2291 Steph.
829 2238 968 2287 Huns.

365 2294 444 2331 ead.
470 2292 494 2331 l.
516 2304 537 2335 ,1
550 2304 582 2343 5.
603 2289 824 2345 Hpoe‘czoet)
847 2290 953 2331 Ferri
980 2302 1062 2331 non
1082 2287 1207 2343 potest
1229 2287 1313 2339 illa,
1332 2300 1449 2342 quam
1471 2300 1581 2329 mar-
1624 2294 1625 2299 ’
1666 2289 1670 2292 “

311 2357 366 2400 go
388 2344 525 2394 habet,
549 2345 743 2399 scriptura.
771 2344 923 2384 STEPH.

367 2399 459 2452 Pag.
490 2399 552 2452 56.
573 2399 598 2438 l.
626 2412 661 2438 2.
685 2396 830 2438 Τούτων
853 2397 892 2437 θ’
921 2396 980 2445 εἰ)
1008 2396 1069 2437 Ne
1099 2409 1145 2436 ea
1171 2396 1353 2451 quidem,
1376 2407 1476 2451 quae
1502 2394 1582 2439 ibi-2
1666 2366 1670 2385 Ξ

309 2453 396 2495 dem
424 2451 499 2505 est,
523 2452 681 2495 tolerari
703 2449 810 2507 poffe
827 2451 1000 2494 videtur.
1016 2450 1146 2493 lom.

1664 855 1670 951 ι

1658 962 1670 1181 ἑ
