1670 3094
534 248 878 295 NOTITIA
909 247 1342 296 LITERARIA

297 375 413 421 quas
429 356 799 404 elaboratiffimas
816 354 858 401 8c
872 356 1144 420 gravissimas
1158 356 1318 418 passim
1334 355 1463 402 libris
1477 353 1569 401 suis

295 430 608 494 Thucydides
645 429 865 486 inseruit,
903 428 1250 490 imitandasque
1279 429 1362 475 fibi
1389 443 1573 490 propo*

294 505 387 551 suit
409 503 750 549 Demosthenes
779 502 892 548 teste
918 501 1148 562 Ulpiano,
1177 512 1189 534 ¹
1217 518 1243 547 e
1271 501 1445 548 Latinis
1467 500 1569 547 Sal-

295 577 484 633 lustiuS,
520 587 575 622 ut
593 574 893 644 Quintiliano
921 575 1027 620 Lib.
1056 588 1123 632 x,
1155 591 1192 620 c.
1226 589 1266 630 1,
1295 573 1338 620 8c
1363 573 1571 620 Senecae

297 649 401 694 Lib.
431 660 491 692 IX
519 646 810 692 Controvers.
841 661 874 691 ιχ
905 646 1215 692 observatum.
1249 646 1394 692 Tanti
1424 646 1570 706 etiam

296 719 642 782 'Thucydidem
657 717 806 763 feciffe
821 717 993 763 dicitur
1002 718 1342 764 Demosthenes
1356 752 1368 775 ,
1382 728 1438 763 ut
1457 734 1572 764 eum

298 809 445 839 manu
474 792 554 837 sua
584 789 725 836 octies
752 799 774 821 2
805 790 1117 853 descripserit:
1151 802 1277 838 certe
1307 791 1400 837 hoc
1429 790 1574 838 refert

297 865 532 912 Lucianus
560 863 772 911 adversus
801 854 1051 910 indoctuin
1072 865 1128 910 T.
1157 878 1229 922 11,
1250 881 1297 926 p.
1323 866 1430 925 380.
1460 881 1512 911 ac
1537 864 1573 910 fi

298 938 447 984 veteri
476 937 625 982 famae
652 937 782 997 apud
809 937 1056 984 Arseniurn
1079 939 1427 987 Monembafiae
1446 940 1575 1002 Epis-

299 1027 479 1071 copum
506 1019 522 1051 3
548 1008 806 1066 credimus,
826 1009 1009 1055 incensa
1029 1010 1225 1058 Athenis
1247 1013 1574 1071 Bibliotheca,

301 1083 346 1130 Sc
366 1082 661 1145 Thucydidis
693 1098 836 1143 opere
869 1099 965 1129 una
991 1085 1236 1143 absumto‚
1262 1102 1324 1133 ex
1342 1087 1573 1134 memoria

300 1157 422 1203 illud
438 1155 775 1202 Demosthenes
802 1156 1001 1202 restituit
1015 1192 1028 1214 ,
1048 1157 1128 1203 sed
1150 1158 1286 1219 quod
1305 1159 1472 1216 merito
1491 1158 1574 1204 fal-

301 1231 405 1276 sum
435 1245 487 1276 ac
527 1228 914 1275 commentitium
950 1230 1140 1277 videtur
1174 1229 1331 1278 Voffio
1364 1230 1468 1282 Lib.
1506 1241 1573 1279 Vt

296 258 437 297 LXIV

302 1398 525 1440 Marvillius
557 1409 668 1460 parte
694 1413 715 1438 2
737 1397 847 1440 Misc.
869 1413 908 1454 p.

968 1411 1036 1453 gas
1056 1411 1078 1439 e
1095 1398 1212 1440 Suida
1237 1399 1276 1439 in
1299 1397 1580 1452 Σταγειρίτης.

304 1468 395 1508 32¹·
414 1454 544 1494 Vide
535 1454 702 1500 mterim,
716 1467 816 1507 quae
835 1467 908 1508 pro

969 1454 1094 1494 fuere
1111 1455 1241 1501 etiam,
1254 1454 1323 1506 qui
1338 1453 1580 1494 tradiderunt

303 1507 540 1549 concionum
575 1509 617 1547 in
646 1507 802 1547 historia
834 1506 908 1548 usu

304 1562 468 1617 disputat
486 1561 680 1603 Voffius
671 1575 710 1601 m
737 1571 818 1601 arte
836 1562 908 1601 Hi·

303 1616 442 1657 storica
464 1629 498 1657 c.
521 1629 571 1655 20
585 1615 658 1669 ieq.
671 1616 835 1656 Iacobus
846 1615 910 1656 Pe-

303 1671 476 1711 rizonius
504 1671 544 1710 in
569 1670 710 1711 Curtio
740 1670 910 1710 vindica,

303 1735 348 1765 to
364 1739 402 1779 p.
428 1739 479 1779 92
504 1723 579 1785 seq.
602 1724 803 1764 Hubertus
832 1725 909 1763 Fo-

303 1779 395 1819 licta
424 1780 470 1819 de
511 1779 660 1819 ratione
692 1777 910 1819 scribendae

305 1833 501 1874 Historiae
519 1833 603 1873 &c..

367 1902 380 1926 1
414 1886 578 1927 praefat.
607 1887 653 1927 ad
674 1885 804 1929 Oratt.
828 1885 911 1927 De·-

305 1941 528 1983 mosthenis.

363 2010 385 2035 2
403 1995 594 2043 Turnebi,
606 1995 911 2049 quixxv111,22

306 2049 515 2091 Adveriar.
537 2051 668 2099 decies,
690 2050 731 2089 &
745 2049 913 2089 Roberti

306 2105 423 2153 Titii,
445 2105 592 2158 quius,
618 2103 912 2158 5ass'ertionum

297 2160 426 2213 septies
444 2157 522 2199 hoc
539 2171 563 2198 a
579 2135 842 2197 ⁹Demosthene
860 2155 914 2196 fa-

305 2212 412 2253 &um
429 2213 619 2261 affirmat,
641 2224 850 2252 memoriae
864 2210 914 2251 la

304 2258 415 2322 psum
451 2266 696 2320 reprehendit
727 2263 913 2314 Voffius,

305 2321 349 2363 &
388 2333 438 2362 ex
474 2333 524 2360 eo
555 2320 660 2361 Tho.
691 2319 857 2360 Crenius
893 2332 909 2357 1

305 2373 560 2418 animadvers.
580 2374 769 2428 philolog.
796 2386 833 2426 p.
847 2385 913 2426 75.

303 2429 475 2471 'Videtur
499 2428 614 2469 etiam
639 2427 741 2467 Den
733 2407 932 2467 ‘’osthenis‘

307 2496 401 2538 erga
410 2482 683 2535 Thucydidem
698 2481 883 2522 studium
874 2493 916 2520 m

307 2518 565 2595 proverbium
586 2534 735 2586 abiisse,
744 2545 789 2576 ut
810 2534 917 2600 colli-

970 1506 1180 1547 Alfonium
1200 1519 1231 1546 v
1251 1507 1498 1562 Arragoniae
1518 1519 1580 1547 re-

971 1574 1059 1614 gem
1073 1561 1192 1601 offies
1202 1573 1319 1602 manu
1334 1560 1400 1601 sua
1413 1548 1580 1613 Thucy-

971 1615 1069 1655 didis
1091 1614 1291 1656 historiam
1310 1614 1455 1668 descrip
1457 1613 1550 1655 siffe.

1031 1669 1124 1721 3lta
1138 1669 1202 1710 ille
1215 1669 1354 1724 inApo
1382 1669 1581 1722 hthegma-

972 1723 1020 1763 tis
1033 1723 1185 1765 Graece
1206 1723 1332 1771 editis,
1406 1723 1529 1763 Leoni
1545 1732 1581 1763 x

973 1775 1189 1843 inscriptis,
1218 1778 1265 1818 de
1290 1753 1580 1818 D'emosthene:

973 1831 1138 1898 ἑζνιλωκε
1155 1808 1202 1872 ἐῖὲ
1215 1831 1401 1896 fimana:
1414 1845 1488 1871 των
1503 1833 1580 1883 ’πρὶν

974 1883 1097 1926 αὐτοῦ
1110 1901 1174 1925 τον
1188 1885 1428 1947 συγγραφέα.
1438 1890 1582 1925 Θουκυ-

973 1939 1110 1988 ὣίέην,
1143 1940 1208 1981 καὶ
1237 1942 1293 1980 τὰ
1321 1938 1503 2004 πλξῖστα.
1535 1937 1581 1979 ἐκ

973 2008 1049 2034 των
1065 1994 1199 2034 ἐκείνου
1220 1993 1346 2059 λόγων
1365 1992 1418 2033 εἰς
1443 1995 1487 2032 τὶ
1508 2007 1582 2032 πο-

973 2048 1214 2114 λιτικώτερον
1243 2046 1475 2113 μετ-ἔφρασε.
1505 2046 1581 2088 Καὶ

974 2098 1072 2142 ου’τω
1087 2102 1254 2167 λέγεται
1273 2096 1424 2142 αὖτδν’
1409 2115 1582 2152 εκμεμα.

974 2156 1155 2209 θηκέναι,
1189 2152 1292 2196 ὣστε
1316 2154 1503 2222 φέρεσθαι
1533 2157 1579 2194 τὸ

974 2210 1120 2250 τοιοῦτο
1146 2224 1232 2270 περι
1249 2205 1388 2257 αὗτου,
1407 2207 1464 2248 ότι
1482 2207 1581 2248 ποτὶ

975 2265 1147 2306 κακία-ης
1179 2277 1248 2305 της
1275 2260 1508 2310 βιβλιοθηκης
1542 2261 1580 2302 ἐν

972 2315 1148 2366 Ἀθήναις,
1161 2318 1225 2357 καὶ
1242 2331 1394 2370 cit-ymen
1379 2331 1487 2356 ενα-ων
1503 2330 1581 2357 των

975 2371 1142 2440 ἱστοριῶν
1174 2368 1432 2418 Θουκυδίδου,
1463 2364 1582 2411 αυτὴν

971 2425 1081 2477 μόνον
1116 2422 1453 2487 ἀπομνημονεῦσαι
1495 2437 1583 2462 ποι-

975 2494 1069 2526 σων,
1091 2479 1157 2519 καὶ
1178 2474 1276 2520 ου’τω
1288 2490 1583 2532 μεταγρκφηνοιι

976 2531 1142 2575 ποιῆσαι.
