1670 3094
251 232 477 295 Lxxvnr
554 219 892 275 NOTITIA
926 217 1364 266 LITERARIA

255 355 262 365 ·
319 328 441 375 Sunt
465 328 582 374 mihi
603 329 652 374 in
671 328 887 374 manibus
905 328 1060 389 plures
1082 326 1311 387 Epistolae
1328 326 1527 387 scriptae

254 403 317 449 ab
335 403 504 451 illustri
530 403 631 447 viro
657 401 916 447 Dominico
941 401 1126 446 Molino
1163 400 1223 445 ad
1244 401 1365 445 Ioan.
1385 400 1531 446 Mem:

238 477 388 540 sum
415 477 590 537 quibus
617 492 716 521 non
742 473 924 520 cessavit
948 474 1087 519 illum
1113 489 1299 536 urgere,
1318 484 1374 518 ut
1390 473 1530 520 Th’u*

254 548 483 610 cydidem
505 547 836 592 illustrandum
855 545 940 630 fibi
960 546 1184 604 sumeret,
1204 545 1286 592 sed
1307 546 1448 592 surdo
1465 545 1531 592 fa-

252 622 418 670 bulam
440 621 655 667 narravit.

259 724 268 731 -
319 694 480 741 Bened.
494 695 706 741 Averani,
725 692 1003 751 florentini,
1022 692 1355 740 dissertationes
1369 693 1530 741 LVIII

253 769 308 815 in
334 769 572 830 quaedam
587 766 888 828 Thucydidis
904 769 1007 814 loca
1023 767 1244 829 prodiere
1261 769 1422 815 Tomo
1436 770 1532 830 pri-

252 861 337 892 mo
362 844 458 889 eius
486 859 687 904 operum
711 840 910 888 iund‘tim
933 843 1037 904 post
1057 839 1255 889 aucioris
1276 842 1368 890 fata
1386 859 1532 891 excu-

254 919 414 966 sorum
442 917 706 962 Florentiae
731 918 866 972 1716.
893 917 971 962 fol.
1002 918 1229 963 Memoires
1252 919 1302 963 de
1332 919 1375 963 T
1370 936 1529 965 revoux

257 1008 281 1039 ξι
297 993 382 1046 718
403 990 631 1037 Decembr.
645 1007 691 1054 p.
716 1005 849 1048 1045.
885 989 1088 1035 Giornale
1117 991 1299 1036 d’Italia
1326 990 1377 1037 T.
1399 1006 1529 1056 24.p.
1610 1008 1616 1018 ¹

252 1076 368 1126 [425.
388 1062 506 1108 Bibl.
528 1065 732 1108 ancienne
755 1064 797 1109 <b
814 1063 1008 1108 moderne
1031 1063 1080 1108 T.
1102 1078 1231 1128 12.p.
1253 1064 1359 1111 161.

258 1163 264 1170 —
319 1138 486 1182 Pericli
509 1137 737 1182 tributam
761 1153 1023 1198 paucorum
1049 1137 1344 1198 privatorum
1368 1138 1531 1184 lauda-

253 1210 437 1256 tionem
447 1217 476 1254 ⁴a
487 1209 794 1271 Thucydide,
811 1209 1122 1270 reprehendit
1142 1209 1184 1255 8c
1199 1211 1316 1257 vitio
1336 1211 1403 1256 illi
1421 1229 1529 1258 ver-

254 1284 316 1330 tit
345 1283 559 1329 laudatus
590 1273 1226 1348 Gundlingius’praefatione
1257 1284 1318 1330 ad
1347 1284 1531 1334 Nicolai

253 1356 506 1421 Burgundi
535 1357 770 1403 historiam
803 1358 1050 1422 Belgicam.
1076 1357 1171 1405 Sed
1190 1359 1531 1421 Thucydidem

252 1431 356 1478 satis
379 1447 482 1476 mos
506 1430 699 1477 illorum
730 1443 1004 1492 temporum
1034 1441 1338 1490 tuetursnec
1364 1432 1531 1478 Pericli

252 1504 314 1550 ad
330 1504 472 1549 decus
485 1504 562 1549 vel
576 1503 634 1548 ad
647 1519 857 1548 amorem
869 1503 1044 1548 civium
1059 1503 1227 1549 inutile
1245 1503 1335 1549 effe
1350 1504 1527 1566 potuit,
1589 1519 1593 1522 ’

253 1577 402 1632 civeS‚
426 1575 512 1636 qui
538 1591 626 1636 pro
651 1576 802 1637 patria
829 1575 1010 1622 fortiter
1028 1587 1294 1639 pugnantes
1319 1588 1528 1622 mortem

252 1649 453 1716 gloriose
475 1649 804 1709 oppetierunt,
824 1648 911 1710 pro
931 1649 1163 1696 concione
1187 1649 1444 1696 celebrasse.

262 1754 268 1762 ·
317 1723 495 1769 Ioannis
517 1722 731 1768 Grammiz'
749 1723 1065 1786 castigationes
1092 1723 1154 1768 ad
1179 1722 1365 1770 Scholia
1387 1724 1532 1770 Grae-

251 1812 306 1842 ca
327 1797 377 1842 in
394 1795 747 1859 Thucydidem.
772 1796 970 1842 Hafniae
997 1810 1132 1852 1722.
1160 1813 1204 1855 4.
1233 1797 1433 1844 Miratur
1457 1799 1530 1844 vir

253 1866 422 1916 donus
458 1886 505 1931 p.
544 1885 633 1930 19,
668 1868 1033 1916 correffiionibus
1072 1870 1260 1917 Aemilii
1294 1870 1419 1916 Porti
1458 1871 1530 1916 ra'-

253 1944 349 1990 rius
391 1943 626 2004 prioribus
660 1942 787 1990 libris
819 1943 983 1989 locum
1031 1943 1198 1990 datum
1225 1943 1280 1989 in
1317 1942 1528 1989 editione

250 2015 531 2062 Oxonienfi.

253 2111 273 2123 -.
321 2082 490 2127 Incerti
511 2081 754 2128 cuiusdam
772 2079 983 2127 Britanni
1002 2078 1133 2128 Obff.
1152 2081 1203 2127 in
1215 2080 1403 2128 Miscell.
1423 2081 1530 2129 Ob-

255 2153 369 2202 serv.
391 2154 504 2201 Vol.
526 2156 577 2212 1,
595 2156 736 2201 Tom
756 2153 838 2200 1&
861 2155 918 2200 11.

319 2229 440 2276 Frid.
463 2230 572 2275 Lud.
597 2229 818 2290 Abresclzii
851 2229 901 2273 in
930 2226 1272 2290 Thucydidem
1298 2227 1530 2275 Animad-

255 2302 529 2350 versiones
516 2319 567 2348 m
594 2302 782 2348 Miscell.
813 2301 1005 2346 Observ.
1027 2301 1133 2347 Vol.
1155 2301 1249 2358 ΙΙΙ,
1273 2301 1416 2347 Tom.
1447 2303 1469 2346 Ι
1489 2300 1531 2347 8c

255 2378 318 2425 ΙΙ.
346 2377 544 2439 Eiusdem
568 2375 936 2421 Dilucidationes
956 2375 1300 2438 Thucydideae
1330 2376 1377 2421 11
1411 2375 1528 2422 Part.

258 2449 460 2497 Traiecti
482 2448 542 2494 ad
560 2448 707 2494 Rhen.
732 2464 745 2493 1
764 2461 780 2501 7
791 2463 846 2507 53
870 2446 911 2492 8c
934 2463 950 2492 1
966 2460 984 2500 7
993 2463 1018 2505 5
1026 2463 1068 2505 5.
1098 2447 1299 2507 Eiusdem
1326 2445 1531 2492 Aufina-

258 2524 388 2572 tium
411 2521 607 2570 dilucid.
627 2522 677 2568 in
690 2520 943 2568 Animadv.
962 2521 1023 2567 ad
1038 2519 1347 2584 Aeschylum,
1367 2519 1531 2579 Zwolff

1642 2163 1670 2206 12?-

1640 2209 1665 2238 1⁶2*-

1635 2361 1659 2426 ε

1639 2459 1665 2505 5³⁴
