1670 3094
286 171 383 236 3&
494 169 1364 219 ANNOTATIONES

283 255 383 296 illud
408 254 635 307 ἀνεκομίσθη
667 257 774 311 quod
797 258 950 307 attinet,
978 271 1051 313 pro
1073 257 1274 309 ἒκομίσὸη,
1297 258 1394 300 fient
1426 258 1464 299 in
1485 258 1557 302 illo·

284 309 500 351 redundare
523 310 599 350 dici
622 311 747 365 potest
777 312 1012 366 praepositio
1027 344 1040 362 ,
1057 314 1166 366 quod
1185 315 1386 367 praecedat
1410 314 1531 354 πάλιν
1544 343 1559 363 ,

285 364 340 404 ita
362 365 406 405 &
429 365 468 404 in
493 363 682 419 plerisque
703 366 786 406 aliis
810 367 940 406 verbis
963 367 1030 406 tali
1059 367 1283 421 pleonasmo
1304 366 1559 422 praepositio-

286 419 347 459 nis
368 418 537 471 gaudere
561 418 834 471 Thucydidem
858 419 1051 461 sciendum
1067 421 1143 471 est,
1162 422 1275 462 cuius
1298 433 1410 462 antea
1428 433 1561 462 exem·

286 471 352 526 pla
374 471 531 512 fuerunt
555 485 579 512 a
604 485 666 512 me
693 473 819 512 allata.
845 473 997 515 STEPH.

343 527 426 566 ibid.
448 526 714 579 Μεγάβαζον)
739 526 870 568 Aristo
897 527 936 567 h.
966 528 1008 568 &
1031 527 1159 569 Schol.
1184 528 1304 571 Avib.
1325 527 1404 576 484
1422 525 1561 581 Μεγά-
1619 559 1622 562 .
1651 537 1655 542 ’

289 579 417 632 βυζον.
438 580 565 620 Schol.
584 580 638 620 ibi
656 593 735 621 om.
765 580 834 631 822,
921 581 1034 622 habet
1058 580 1208 623 ’πολλῆς
1233 581 1433 637 στρατιᾶς.
1455 580 1561 621 abest

287 635 404 673 etiam
429 634 481 672 'ab
510 646 560 674 eo
588 633 708 686 μάχῃ
741 633 784 674 δι
807 633 884 675 τῆς.
915 635 1024 675 male.
1053 636 1144 677 Vid.
1166 635 1288 677 Uss'er.
1318 637 1357 676 in
1378 635 1562 676 Annalib.

288 686 375 728 Per.
397 687 469 727 Iul.
501 688 618 741 4256.
643 690 790 728 WAss.
822 688 1050 743 Μεγάβυζος
1074 690 1188 730 etiam
1210 690 1379 731 Diodor.
1398 690 1439 730 δι
1461 689 1563 729 Pho·
1630 703 1631 706 ¹

287 740 367 781 tius
390 741 433 781 in
461 741 660 796 Excerptis
683 741 858 790 Ctefiae,
885 748 929 784 ut
953 744 994 783 in
1026 743 1127 783 Caff.
1154 746 1197 785 δι
1225 743 1297 785 Gr.
1327 744 1376 784 Et
1398 742 1450 783 sic
1481 743 1563 798 ple-
1623 794 1626 798 Δ

287 807 457 850 rumque
479 795 581 849 apud
604 794 699 837 alios
719 795 796 838 hoc
816 810 960 837 nomen
982 796 1166 838 scribitur.
1184 797 1382 838 Interdum
1395 827 1406 844 ,
1420 795 1482 839 sed
1501 811 1563 838 ra-

287 849 397 897 rius,
434 850 699 903 Μεγέιβοιζος,
736 861 780 890 ut
806 851 1062 904 Ἀρτάβαζος,
1093 851 1366 904 Φαρνάβαζος
1394 851 1435 891 δι
1459 850 1564 906 apud

288 902 533 956 Aeschylum
558 904 806 957 Μεγαβάζης.
827 906 918 945 Vid.
941 904 1101 946 Reland.
1127 904 1324 946 Dissertat.
1354 905 1416 954 11,
1439 905 1479 955 8,
1496 905 1566 946 ubi

291 957 409 998 etiam
444 958 616 1011 quaerit,
644 968 775 999 utrum
797 958 874 1000 hoc
899 972 1043 1000 nomen
1064 960 1263 1014 proprium
1277 989 1287 1005 ,
1317 972 1368 999 an
1393 960 1566 1000 muneris
1622 990 1625 991 γ

294 1023 343 1051 ac
373 1012 567 1064 dignitatis
597 1011 715 1053 fuerit
737 1013 837 1068 apud
863 1013 991 1054 Persas
998 1028 1011 1063 3
1035 1013 1082 1054 de
1110 1027 1192 1067 quo
1224 1013 1336 1067 plura
1355 1008 1568 1054 Turnebus

290 1065 432 1107 XVIII
454 1065 659 1107 Adversar.
681 1081 754 1128 31;
773 1066 940 1108 Casaub.
966 1068 1008 1108 δι
1028 1068 1184 1123 Menag.
1201 1067 1248 1108 ad
1266 1066 1467 1115 Laert.11,
1495 1079 1568 1122 μς
1616 1076 1618 1078 “

293 1120 339 1160 δι
360 1120 459 1160 inter
488 1130 588 1161 retes
607 1120 762 1161 Aehani
782 1121 821 1162 II
843 1122 895 1162 V.
916 1122 968 1162 H.
982 1137 1025 1162 ·2.

349 1178 425 1214 ead.
505 1187 563 1226 13.
591 1171 701 1215 Οὕτω
719 1175 816 1227 μὲν)
839 1176 965 1229 Marg.
991 1171 1091 1215 οὕτω
1110 1174 1180 1227 μὲν
1203 1170 1275 1216 οὖν,
1299 1175 1408 1216 bene.
1432 1173 1496 1215 lin.
1519 1173 1570 1215 16
1612 1180 1614 1183 ’

296 1226 360 1268 Cl.
387 1228 460 1269 Gr.
472 1228 520 1268 al.
535 1229 734 1276 βασιλέως.
748 1243 963 1283 perperam.
985 1233 1132 1271 WAss.
1153 1228 1248 1269 Ὑπὸ
1264 1229 1447 1278 βασιλέα,
1461 1227 1570 1283 quod
1607 1250 1612 1254 ·

295 1281 351 1322 est
371 1282 411 1322 in
428 1281 531 1323 Caff.
556 1293 654 1337 puto
674 1282 727 1324 fic
747 1284 823 1324 dici
840 1283 967 1337 posse,
988 1294 1032 1324 ut
1055 1279 1130 1324 ὑπό
1150 1298 1240 1323 τινα.
1263 1280 1376 1330 εἶναι,
1398 1278 1456 1332 ὑφ’
1480 1280 1574 1323 ἔσω-1
1611 1303 1614 1306 «

295 1339 363 1377 ’τὸν
382 1336 600 1384 ποιεῖσθαι,
622 1338 728 1392 apud
752 1338 1079 1392 Xenophontem,
1104 1338 1146 1378 &
1171 1337 1268 1388 alios
1287 1338 1330 1377 in
1352 1335 1466 1377 Thes.
1487 1336 1570 1378 Ste-
1619 1363 1621 1365 -

293 1390 412 1445 phan.
434 1390 635 1445 Theophr.
659 1391 839 1433 Charaet.
857 1405 890 1432 c.
911 1393 1066 1432 XXIV:
1086 1390 1162 1432 Τῶν
1183 1387 1242 1440 ὑφ’
1260 1387 1373 1432 αὑτόν
1393 1405 1462 1432 τινι
1484 1392 1574 1432 cvr-⁷
1612 1397 1614 1399 '

294 1443 435 1497 τάξαι.
455 1444 607 1485 Aelian.
631 1446 693 1487 VI
717 1447 771 1494 V.
789 1447 843 1486 H.
877 1460 945 1487 11:
967 1447 1104 1487 πᾶσαν
1123 1441 1182 1495 ὑφ’
1208 1443 1342 1486 {ambit
1368 1443 1436 1486 τὴν
1462 1450 1574 1486 Eme-
1614 1495 1616 1497 ‚

295 1499 387 1540 λίαν
412 1497 636 1540 ἐποιήσατο.
663 1499 924 1553 Amyrtaeum
952 1500 1102 1548 Saiten‚
1124 1512 1256 1554 regem
1289 1498 1464 1553 Aegypti
1486 1511 1577 1539 me·
1620 1513 1621 1516 ¹

295 1562 427 1592 morat
447 1553 634 1595 Chronic.
661 1554 799 1595 Euseb.
819 1567 858 1594 n.
882 1553 1080 1595 MDCIV.
1109 1552 1172 1594 sed
1201 1554 1240 1594 in
1263 1552 1388 1606 Olym
1424 1583 1432 1593 .
1459 1551 1567 1594 XCI.

298 1606 356 1648 At
375 1606 542 1648 Diodor.
565 1607 679 1649 Sicul.
707 1608 808 1649 hanc
827 1608 972 1650 cladem
995 1607 1291 1650 Athenienfium
1317 1608 1360 1647 in
1417 1615 1570 1661 egypto

298 1660 453 1703 confert
471 1661 643 1717 olymp.
664 1662 824 1703 LXXX.

354 1718 435 1756 ead.
462 1717 488 1756 I.
521 1730 580 1764 14.
610 1713 916 1768 Πολεμίισαντοι)
943 1715 1048 1757 Cum
1077 1715 1193 1757 valde
1224 1714 1364 1756 durum
1397 1714 1475 1756 hoc
1501 1713 1574 1764 fit,
1607 1722 1614 1739 Γ
1661 1706 1664 1711 ’

298 1769 537 1830 πράγματα
560 1768 604 1824 ἓξ
633 1769 699 1811 ἔτη
720 1769 1028 1822 πολεμήσαντα,
1052 1770 1261 1811 videndum
1283 1782 1334 1810 ne
1356 1781 1492 1810 veram
1522 1767 1576 1809 le-
1603 1790 1608 1794 ·
1660 1772 1662 1774 ’

300 1822 471 1863 &ionem
495 1823 572 1865 effe
605 1824 807 1865 dicendum
829 1824 875 1864 fit
897 1825 1227 1876 πολεμησάντων,
1254 1823 1364 1878 quod
1393 1823 1572 1876 iungatur
1615 1821 1619 1826 ’

304 1890 398 1919 cum
417 1875 605 1921 Ἕλλῆνων.
633 1878 785 1919 STEPH.

357 1933 450 1984 Pag.
477 1945 564 1987 ¹53·
585 1933 611 1973 l.
638 1948 674 1987 3.
696 1933 768 1973 Καὶ
792 1930 879 1985 ἅμα
899 1932 1090 1986 μαχιμ.)
1112 1930 1231 1987 Apud
1250 1930 1370 1972 alium
1391 1927 1575 1971 affirmari
1612 1931 1623 1985 J

304 1984 450 2040 poffer,
474 1986 596 2027 deeffe
623 1986 682 2027 ὅτι
711 1997 801 2027 ante
831 1986 1148 2040 μαχιμώτατοι,
1174 1985 1238 2026 sed
1270 1984 1371 2039 apud
1397 1984 1500 2025 hunc
1529 1983 1576 2024 de

303 2052 352 2080 ea
377 2052 420 2079 re
432 2039 662 2081 dubitationi
681 2041 792 2082 locus
814 2041 1054 2094 relinquitur.
1079 2040 1192 2093 Quin
1214 2039 1328 2080 etiam
1344 2036 1496 2079 servata
1511 2049 1577 2076 ea·
1607 2032 1616 2066 s
1650 2030 1654 2063 ἶ

301 2093 391 2133 dem
413 2095 604 2135 orationis
625 2094 755 2135 forma
788 2095 961 2150 plerique
987 2107 1037 2135 ex
1066 2095 1149 2135 aliis
1175 2091 1374 2139 dixiffent‚
1399 2091 1465 2131 noel
1487 2088 1579 2141 ῗιμιι

301 2146 378 2242 ιέιέι
408 2150 453 2186 τὶ
485 2152 803 2202 μαχιμωτάτους
838 2145 933 2191 εἶναι
957 2147 1032 2190 τῶν
1067 2146 1286 2203 Αἰγυπτίων
1314 2143 1403 2186 τοὺς
1427 2143 1579 2186 ἓλείους.
1614 2164 1621 2175 ·-

333 2212 439 2242 DEM.
1648 2240 1650 2242 ,

362 2258 438 2294 ead.
472 2255 500 2294 l.
536 2266 570 2308 5.
600 2255 913 2308 Ἀνεσ-ταιυρώῦη)
937 2255 1111 2310 Aegypti
1133 2265 1268 2296 cruces
1291 2253 1332 2292 in
1353 2250 1423 2292 usu
1445 2249 1579 2301 fuist,
1634 2295 1639 2305 ,,
1667 2270 1670 2298 j

307 2307 435 2349 testari
464 2307 622 2349 videtur
655 2308 826 2350 Iustinus
855 2309 880 2349 1.
915 2321 985 2361 30,
1008 2322 1093 2361 cap.
1118 2323 1152 2348 2.
1176 2307 1279 2347 Vide
1298 2305 1468 2360 Lipfium
1489 2304 1508 2345 Ι
1532 2304 1588 2344 de»
1612 2306 1623 2322 ²

306 2362 462 2408 cruce..
492 2375 526 2404 c.
553 2375 612 2404 ιι.
635 2363 775 2404 Huns.
809 2363 908 2404 Add.
934 2375 1036 2415 quae
1064 2363 1110 2402 de
1135 2361 1173 2403 h.
1197 2361 1224 2401 l.
1244 2358 1423 2415 disputat·
1438 2356 1586 2400 Carau-
1650 2362 1670 2416 ³ss

303 2417 401 2459 hon.
431 2416 478 2457 ad
496 2416 636 2457 Baron.
665 2416 829 2458 Exercit.
854 2416 952 2456 XVI
980 2417 996 2466 §
1021 2430 1084 2467 77.

362 2473 441 2514 cad.
463 2471 487 2512 l.
509 2483 548 2527 7.
572 2469 730 2528 Τριήρεις
748 2493 793 2503 -
809 2471 949 2525 κέρως)
965 2470 1096 2512 Suidas
1109 2470 1149 2510 in
1169 2467 1272 2524 ἔσχε
1287 2466 1448 2541 exponit
1465 2467 1590 2507 κατέ-1
