1670 3094
473 245 797 296 PRAEFA
826 240 998 291 T10.'
1228 249 1370 293 xcui

92 356 254 414 μακκοᾷ
280 369 362 398 non
392 352 587 395 inveniret
610 352 730 393 alium
766 350 899 391 locum
926 348 1095 399 Suidae,
1122 348 1195 390 ubi
1214 350 1291 394 hoc
1317 354 1373 394 di.

92 420 199 462 &um
230 430 339 469 erat,
366 415 537 471 neglefia
578 413 899 469 interpretatione
925 411 1059 461 Porti,
1086 412 1241 453 diximus
1261 416 1374 466 enim,

11 514 15 516 »
93 483 216 524 vertit
251 482 377 521 ficitur
404 481 505 519 enim.
539 477 605 517 De
645 474 809 517 scholiis
841 473 1086 526 Thucydidis
1126 486 1208 515 non
1243 475 1372 523 habeo

92 543 248 599 quidem
274 553 355 583 tam
383 553 534 583 certum
560 549 855 594 argumentum.
884 536 948 577 sed
971 535 1002 576 fi
1025 536 1113 590 quis
1132 537 1372 590 confideret,

92 611 196 660 quae
213 604 316 658 apud
335 603 522 645 Suidam
512 614 553 642 m
571 614 743 654 καταφρο
729 598 845 641 'vnum
869 598 1073 652 leguntur,
1092 598 1195 639 haud
1213 599 1376 642 difficul-

92 675 153 707 ter
173 665 243 706 fibi
264 663 527 720 persuadebit,
547 675 595 704 m
625 674 675 702 ex
708 660 772 701 his
804 659 967 700 scholiis
992 659 1043 699 ad
1066 659 1111 708 I,
1142 674 1215 700 122
1247 660 1372 704 sumta

93 727 183 769 effe.
205 727 255 767 Et
283 726 450 767 omnino
470 723 670 779 probabile
695 721 774 771 est,
798 722 980 771 Suidam,
1006 721 1145 775 quod‘
1135 735 1176 762 ιιι
1205 722 1373 766 Scholiis

7 780 26 834 tiss
91 789 363 844 Aristophanis
377 819 391 840 ‚
421 787 522 828 idem
547 786 661 826 etiam
694 785 734 824 in
758 785 819 824 his
848 782 1054 833 factitafl'e,
1084 796 1174 824 cum
1205 784 1373 827 dubitari

93 863 177 892 non
197 849 333 906 potiit,
354 850 450 904 quin
467 858 623 888 veteres
644 846 700 886 illi
722 847 948 899 interpretes
965 845 1209 898 Thucydidis
1226 846 1294 888 illo
1309 858 1374 889 an.

91 915 283 970 tiquiores
308 911 477 960 fuerint,
502 909 648 964 quippe
671 908 741 962 qui
769 908 887 948 etiam
913 919 937 947 e
965 906 1224 958 Marcellino,
1252 921 1372 964 quem

13 1003 33 1031 ,χ
91 976 264 1030 Antyllo
285 975 329 1016 δι
346 972 530 1028 Asclepio
550 971 742 1012 iuniorem
764 968 875 1010 fuiffe
897 967 1071 1018 constat,
1091 970 1280 1023 quaedam
1306 972 1374 1014 de.

12 1071 13 1074 η
91 1037 292 1093 scripserit
313 1036 569 1090 Quamquam
588 1034 664 1074 hoc
688 1044 849 1086 quoque
874 1044 976 1072 vero
996 1044 1080 1072 non
1101 1031 1272 1074 diffimile
1293 1033 1374 1086 est,

92 1099 424 1155 quemadmodum
444 1097 608 1139 Scholiis
631 1097 673 1135 in
695 1094 994 1149 Aristophanem
1007 1124 1020 1144 ,
1040 1094 1094 1135 ita
1116 1093 1179 1135 his
1207 1109 1372 1152 quoque

8 1160 23 1212 ἦ)
93 1174 119 1204 e
133 1161 251 1203 Suida
267 1159 456 1216 quaedam
477 1158 598 1199 afl'uta
621 1156 722 1198 ess'e:
744 1157 859 1197 cuius
880 1157 939 1195 rei
962 1166 1234 1209 argumentum
1253 1172 1303 1199 ex
1317 1172 1370 1201 eo

95 1223 183 1276 capi
196 1221 342 1277 potest,
357 1220 465 1276 quod
485 1221 527 1260 in
539 1219 713 1274 margine
734 1217 836 1258 Cod.
860 1216 1100 1266 Graeviani,
1118 1218 1158 1258 in
1178 1232 1263 1273 quo
1273 1233 1372 1275 pau.

13 1297 24 1323 Ξ
92 1284 239 1327 ciffima
269 1283 357 1325 sunt
384 1281 561 1332 Scholia,
582 1281 694 1322 locus
719 1280 860 1321 Suidae
892 1279 933 1319 in
955 1277 1166 1332 ιιίιχλιηιες
1197 1281 1246 1321 ad
1275 1295 1375 1324 ver-

95 1346 195 1387 bum
213 1345 421 1400 descripnae
440 1343 496 1385 est
521 1344 569 1384 ad
585 1344 673 1394 lv,
692 1343 757 1384 26.

13 1405 26 1415 ²
149 1408 231 1449 Sub
245 1407 407 1449 Scholiis
423 1406 587 1447 Graecis
609 1403 757 1459 pofitae
781 1402 868 1444 sunt
888 1403 1176 1445 Annotationes
1191 1405 1374 1450 virorum

94 1468 419 1519 dofflffimorum,
452 1469 565 1507 Henr.
599 1466 767 1520 Stephani
800 1466 996 1519 integrae,
1017 1478 1184 1519 quarum
1207 1471 1375 1511 nonnul-

94 1531 190 1572 lae
178 1543 221 1571 ιιι
242 1530 410 1571 editione
427 1526 644 1569 Oxonienfi
676 1498 1373 1583 negleaae⁰fuemnt‚10.fluds0ni,

94 1593 141 1634 δι
162 1592 234 1645 10st
268 1591 411 1644 Waffe,
435 1602 624 1661 meaeque
649 1588 728 1630 fine
756 1589 924 1631 nomine.
959 1589 1032 1630 Sed
1056 1589 1149 1643 quia
1170 1603 1194 1630 e
1217 1591 1375 1647 Stepha-

97 1657 222 1697 nianis
245 1655 432 1711 quaedam
462 1654 509 1693 ad
534 1653 763 1708 principium
787 1653 983 1708 prooemii
1011 1653 1210 1707 longiores
1234 1667 1372 1705 erant,

98 1723 218 1773 quam
234 1729 280 1759 ut
293 1715 498 1759 commode
518 1709 593 1756 suis
613 1716 708 1756 locis
730 1715 829 1756 inter
851 1726 997 1756 ceteras
1015 1715 1188 1756 exhiberi
1208 1717 1374 1771 poss‘ent,

27 1809 30 1814 -
96 1781 216 1822 asin
238 1779 424 1821 Addenda
441 1779 603 1819 conieci.
625 1778 824 1818 Habuerat
843 1777 1088 1832 stephanus·
1078 1790 1119 1818 m
1147 1781 1293 1829 animo,
1312 1792 1373 1822 to-

98 1853 186 1883 tum
207 1841 482 1894 Thucydidem
501 1840 544 1880 &
563 1838 721 1880 Scholia
742 1838 852 1893 quasi
871 1849 1062 1894 perpetuo
1084 1843 1372 1884 commentario

97 1904 306 1952 illustrare,
326 1904 368 1944 &
384 1902 516 1957 paffim
537 1903 578 1942 in
600 1903 775 1956 margine
787 1901 976 1943 secundae
993 1901 1085 1942 suae
1096 1903 1273 1945 editionis
1289 1905 1373 1947 No-

99 1977 160 2008 tas
187 1965 321 2021 inspici
346 1964 473 2012 iubet,
496 1976 569 2004 nec
597 1974 726 2003 tamen
747 1963 849 2003 ultra
877 1962 1015 2003 librum
1047 1961 1253 2005 secundum
1277 1979 1374 2021 pro·

31 2071 34 2075 ,
101 2027 246 2084 grefl‘us
261 2026 337 2069 est:
354 2027 467 2068 cuius
485 2026 542 2067 rei
557 2023 711 2066 musam
732 2026 775 2066 in
790 2025 869 2066 fine
889 2025 1079 2080 Epistolae
1099 2027 1146 2066 ad
1166 2027 1370 2070 Leaorem

100 2090 288 2146 exponit,
305 2101 425 2144 quam
448 2087 479 2127 fi
495 2087 623 2141 legere
641 2086 821 2141 potuiffet
838 2087 1040 2136 Muretus,
1062 2100 1144 2128 non
1165 2099 1244 2130 tam
1263 2090 1373 2145 aspe-

0 2146 1 2161 ¹
42 2204 46 2211 ᾗ
101 2163 147 2195 re
167 2166 260 2194 eum
286 2152 334 2192 ad
360 2151 501 2191 librum
526 2150 564 2190 11
592 2149 850 2204 Cyripaediae
879 2150 1152 2204 Xenophontis
1181 2152 1372 2205 notass'et,

102 2225 150 2256 ut
167 2216 238 2270 qui
261 2214 333 2256 hac
361 2224 468 2263 arte,
491 2211 598 2283 quasi
621 2211 847 2267 panchresto
875 2212 1075 2267 quodam,
1096 2213 1144 2253 ad
1168 2216 1371 2268 tegendam

101 2275 240 2319 scilicet
259 2275 468 2324 inscitiam,
491 2276 533 2315 in
555 2274 787 2327 Thucydide
813 2274 857 2315 δι
876 2275 1143 2330 Xenophonte
1164 2276 1254 2318 usus
1279 2278 1371 2318 fuis-

15 2339 43 2397 vj.
102 2337 172 2383 stt.
198 2338 238 2380 Si
256 2338 382 2392 quid'
371 2350 414 2377 m
439 2335 636 2391 Stephano
657 2336 885 2390 reprehendi
905 2335 1062 2391 potest,
1084 2338 1145 2385 id,
1171 2352 1259 2379 mea
1284 2339 1368 2379 sen-

41 2452 46 2457 v
104 2399 251 2449 tentia,
271 2397 502 2454 potiffimum
535 2397 609 2445 est,
634 2397 768 2452 quod,
800 2411 889 2439 cum
913 2411 1000 2453 pag.
1031 2412 1105 2453 579
1132 2399 1371 2440 Scholiasten

107 2471 270 2515 arguat,
291 2471 477 2514 tanquam
496 2458 789 2514 supervacaneis
813 2459 1039 2513 quibusdam
1070 2459 1206 2510 usum,
1224 2460 1304 2515 ipse
1328 2462 1369 2501 in

105 2522 375 2570 idemvitium
397 2522 556 2573 incidit,
573 2522 629 2563 ’δε
653 2522 757 2566 haud
775 2534 868 2564 raro
897 2535 981 2567 non
1010 2521 1134 2564 solum
1161 2524 1369 2566 admodum
