1670 3094
278 178 374 243 3&
479 176 1347 229 ANNoTATIONEs

278 265 485 321 sertimque
503 267 546 308 'in
569 267 663 309 locis
683 267 924 308 huiusmodi:
949 282 1037 310 cum
1063 269 1101 309 in
1135 267 1229 310 locis
1251 271 1366 310 etiam
1390 269 1458 321 iis,
1477 271 1546 326 qui

278 320 406 415 tsnulto
425 322 547 375 magis
564 321 760 363 elisionem
778 323 973 377 requirere
994 323 1177 364 videntur
1191 353 1203 372 ,
1227 336 1311 365 non
1330 324 1552 369 habeamus.

309 385 435 415 ΤΕΡΗ.

335 436 428 489 Pag.
455 447 517 490 39.
541 435 570 476 l.
595 448 626 487 3.
646 434 817 476 Ἐἒέοντό
844 434 919 490 vra)
944 437 1079 478 Leffio
1102 438 1267 492 margini
1290 437 1473 494 adscripta
1497 452 1550 480 ex

228 488 244 506 ⁶
280 501 437 539 errore,
456 499 500 530 ut
529 502 556 530 o
585 490 693 539 inor,
725 500 812 530 nata
832 489 906 530 est:
937 491 1113 532 videlicet
1133 504 1184 532 ex
1210 494 1372 548 repetita
1391 506 1457 548 per
1471 493 1549 534 im·

279 543 524 598 prudentiam
560 543 690 593 yllaba
708 558 764 583 το.
794 543 920 583 IDEM.

338 601 412 637 ead.
430 598 454 637 l.
482 611 520 648 7.
533 596 738 649 ''Amm01)
758 596 824 637 De
848 596 927 637 hoc
950 597 1084 652 Scalig.
1105 599 1152 638 ad
1172 598 1309 640 Euseb.
1333 599 1481 642 Chron.
1510 614 1551 656 pa

282 649 361 703 783
384 650 592 744 Spagnhem.
614 650 661 691 de
682 649 765 692 Usu
790 650 979 694 Numism.
1011 665 1048 706 p.
1082 654 1178 707 569,
1201 654 1243 694 δι
1271 654 1432 695 Palmer.
1460 655 1484 695 l.
1512 656 1551 696 d.

312 716 332 743 a
361 733 370 743 .
473 734 481 745 .

283 717 309 758 p
335 716 439 805 ῗόὶῗ
452 765 550 808 Οὔτε
571 767 654 821 γὰρ
674 766 710 808 ἐν
730 762 1013 861 πανηγύρεσιὸ
1024 767 1118 809 Ideo
1137 767 1361 811 Corinthios
1379 771 1550 824 graviter

283 818 452 861 infensos
472 820 708 874 Corcyraeis
729 819 836 861 fuiffe
858 821 950 861 dicit
1014 821 1173 863 iodorus
1193 822 1356 872 Siculus,
1379 823 1471 878 (lib.
1490 838 1553 874 12,

285 887 324 928 p.
356 887 429 928 303
453 874 514 914 ed.
534 875 691 937 Steph‘.)
716 875 824 929 quod
846 887 958 916 more
977 875 1212 929 reliquarum
1231 876 1471 918 coloniarum
1495 877 1552 918 sa-

285 940 352 968 cra
374 928 495 983 patria
517 927 753 970 Corinthum
784 929 936 969 mittere
963 929 1211 983 negligerent.
1236 930 1309 971 Sed
1329 930 1432 971 aliud
1459 931 1553 972 dicit

285 981 538 1034 Thucydides
561 983 620 1023 his
643 982 795 1031 verbis,
821 982 870 1024 sc.
897 983 1003 1037 quod
1029 987 1130 1043 γέρα
1150 982 1239 1034 ista,
1264 996 1366 1039 quae
1395 998 1418 1025 a
1440 985 1553 1026 colo-

285 1035 347 1076 nis
369 1036 552 1091 praestari
569 1036 740 1077 solebant
769 1037 808 1077 in
836 1037 999 1091 publicis
1021 1037 1254 1079 solemnibus
1275 1051 1321 1079 30
1341 1037 1456 1088 ludis,
1481 1038 1554 1080 illis

286 1102 371 1131 non
390 1090 614 1132 tribuerint:
635 1104 782 1145 neque,
802 1101 848 1132 ut
866 1103 954 1132 mos
972 1101 1054 1131 erat
1073 1091 1257 1141 coloniis,
1276 1092 1325 1132 ab
1343 1092 1555 1146 originibus

286 1142 365 1184 suis
383 1144 604 1198 pontificem
631 1145 860 1200 acceperint.
884 1145 951 1198 qui
969 1157 1058 1185 mos
1075 1146 1114 1185 in
1143 1146 1246 1186 rimis
1269 1146 1460 1187 notandus
1478 1146 1554 1195 est,

287 1199 477 1251 quoniam
511 1212 561 1239 ex
583 1199 676 1247 hac,
703 1209 748 1239 ut
781 1199 947 1253 opinor,
971 1198 1083 1240 unica
1141 1200 1233 1241 uius
1259 1199 1487 1241 Scholiastae
1513 1201 1556 1241 in

288 1251 423 1292 locum
446 1254 702 1294 annotatione
724 1253 760 1293 id
779 1251 966 1293 discimus.
987 1252 1052 1292 illa
1072 1263 1201 1293 autem
1217 1254 1318 1308 γέρα.
1337 1253 1555 1306 νομιζόμεναι

288 1305 391 1346 idem
411 1317 610 1348 enarrator
638 1308 909 1361 interpretatur
933 1307 1009 1347 τὰς
1030 1309 1150 1358 τιμὰς
1175 1308 1243 1347 καὶ
1267 1307 1493 1362 προεδρίας,
1517 1307 1557 1349 id

290 1359 369 1410 est,
392 1363 575 1415 principem
602 1363 639 1400 in
665 1360 809 1414 consaessffit
830 1362 952 1402 locum.
979 1359 1053 1400 Sed
1080 1360 1123 1400 ὃ(
1150 1361 1270 1402 multa
1295 1361 1367 1401 alia
1398 1361 1558 1415 privile·

290 1414 354 1468 gia
373 1414 531 1475 intelligi
543 1425 653 1470 putat
670 1412 869 1462 Valefius,
885 1413 1096 1454 cuiusmodi
1108 1412 1195 1455 sunt
1217 1414 1454 1468 ἐπιγαμίαι,
1470 1413 1557 1455 κτιῖ-
1630 1421 1634 1425 “
1662 1412 1666 1420 ’

292 1482 354 1508 cte
381 1482 486 1522 γης,
513 1468 554 1509 δι
584 1479 738 1518 cetera,
763 1481 863 1522 quae
885 1469 923 1508 in
947 1467 1124 1509 Decretis
1156 1468 1398 1510 Graecorum
1425 1467 1558 1524 paffim

292 1522 486 1576 leguntur.
507 1523 609 1564 Vide
631 1522 795 1564 Annott.
813 1522 858 1562 ad
882 1535 929 1576 pa
958 1552 967 1561 .
996 1534 1057 1573 37,
1074 1522 1099 1561 l.
1119 1536 1164 1582 4.Ν
1181 1523 1319 1563 Huns.

347 1579 423 1616 ead.
441 1579 464 1616 l.
483 1575 520 1616 8.
543 1576 598 1617 Ἐν
625 1575 894 1631 πανηγύρεσι)
964 1589 994 1616 r.
1016 1577 1053 1617 ἐν
1085 1589 1177 1616 πως
1201 1573 1454 1632 πανηγύρεσι.
1474 1575 1556 1617 ele-

291 1640 435 1684 ganter.
457 1631 604 1671 WAss.

348 1694 430 1733 ibid.
453 1693 652 1743 Aaesbvw)
678 1692 741 1735 Ad
759 1705 827 1743 ea,
841 1705 941 1747 quae
962 1692 1062 1733 inter
1080 1705 1163 1733 var.
1181 1692 1267 1734 lest.
1289 1691 1410 1734 Huds.
1434 1705 1559 1733 anno·
1634 1706 1639 1710 ·
1659 1689 1662 1707 ⁵

293 1757 351 1787 tat
367 1760 389 1787 e
407 1759 501 1788 nota
515 1747 710 1802 Stephani,
729 1747 823 1788 adde
844 1747 937 1788 haec
956 1745 1142 1787 eiusdem:
1160 1746 1303 1788 Doceo
1321 1747 1361 1787 in
1383 1747 1442 1796 iis,
1458 1759 1562 1800 quae

294 1801 343 1841 ad
366 1801 612 1843 Scholiastem
639 1802 855 1852 annotavi,
879 1802 951 1842 alia
983 1811 1114 1842 tamen
1144 1801 1236 1843 huic
1268 1800 1363 1842 loco
1392 1800 1563 1842 remedia
1631 1799 1634 1820 ²

292 1866 556 1908 quaerentem.

348 1913 423 1950 ead.
437 1911 467 1952 l.
482 1924 518 1965 9.
534 1908 634 1950 οὔτε
653 1907 823 1964 Κορινθίῳ
840 1907 948 1963 ἄνερ)
965 1908 1060 1958 εις.)
1078 1907 1170 1950 vm.
1191 1907 1383 1949 neaman.
1406 1907 1455 1948 ad
1470 1906 1511 1947 h.
1530 1907 1558 1948 1.
1639 1879 1641 1910 ³
1663 1881 1667 1892 ”

349 1975 423 2011 ead.
447 1971 473 2012 I.
496 1985 556 2012 11.
573 1965 745 2025 Ὅμοιοι)
772 1971 940 2012 Miretur
965 1970 1029 2011 1110
1056 1970 1194 2024 aliquis
1217 1969 1353 2022 ὅμοιαι,
1374 1969 1417 2011 81
1434 1967 1561 2023 suspe-
1638 1970 1670 2020 Ῑξῑὶ

283 2021 402 2066 ‘Cium
421 2025 583 2075 habeat,
597 2036 784 2079 tanquam
801 2025 900 2066 male
916 2024 1095 2079 scriptum
1114 2037 1188 2078 pro
1200 2023 1331 2075 ’ὁμοιως
1347 2022 1409 2064 sed
1426 2034 1562 2076 quam-
1634 2023 1665 2049 ‘⁴³

295 2078 357 2119 vis
381 2079 465 2120 eius
486 2079 617 2120 officio
641 2079 843 2133 fungatur,
866 2080 952 2120 eius
972 2089 1100 2119 tamen
1121 2077 1244 2120 sedem
1266 2087 1459 2131 occupare
1476 2089 1560 2117 non

296 2144 421 2187 puto:
444 2147 533 2174 cum
558 2133 598 2174 δι
623 2133 711 2173 311111
733 2132 798 2173 tali
812 2132 1017 2173 adhibitum
1038 2133 1132 2173 loco
1149 2130 1408 2179 observarint,
1433 2130 1475 2171 δι
1493 2130 1560 2171 hic

296 2198 321 2227 a
343 2200 435 2229 meo
452 2187 567 2228 etiam
585 2186 794 2242 exemplari
819 2186 1057 2241 agnoscatur,
1084 2186 1236 2227 STEPH.

352 2251 410 2291 Pa
435 2281 444 2290 .
466 2261 531 2299 40·
566 2250 589 2289 l.
621 2248 658 2288 8.
683 2246 853 2302 ἑαυτῶν)
884 2249 954 2291 Gr.
976 2244 1121 2298 αὐτῶν,
1148 2257 1246 2302 puto
1279 2245 1388 2287 male.
1416 2245 1559 2288 Noster

297 2303 389 2345 alibi
420 2302 664 2358 aepe-retinet
685 2300 838 2343 ἑαυτῶν.
859 2303 1116 2357 Hippocrates
1131 2299 1300 2342 ἑωυτέων.
1316 2302 1460 2342 ΨΑεε.
1479 2300 1560 2356 Ap.
1628 2304 1642 2331 ²³
1662 2321 1670 2341 a

296 2358 391 2403 Plin.
411 2358 524 2408 XIV,
543 2371 570 2409 7
592 2357 646 2397 est
668 2355 950 2397 Ambraciotes.
1631 2381 1648 2401 ξ.

350 2422 426 2460 ead.
453 2419 478 2458 l.
502 2431 539 2472 9.
559 2416 746 2470 Koptvlz'n'm
769 2411 888 2457 οὖσαν
911 2416 1006 2465 810.)
1024 2415 1276 2468 Corcyraeos
1298 2415 1338 2455 in
1361 2416 1444 2456 eius
1467 2426 1568 2457 con·-
1629 2412 1641 2446 ἕ

295 2472 378 2515 aim
397 2472 523 2515 socios
545 2470 758 2514 Corinthiis
776 2471 876 2513 addit
900 2470 1098 2525 Scymnus
1119 2468 1263 2521 Chius,
1287 2469 1345 2511 his
1367 2468 1565 2512 versibus:
