<?xml version="1.0" encoding="UTF-8"?>
<!DOCTYPE html PUBLIC "-//W3C//DTD XHTML 1.0 Transitional//EN"
    "http://www.w3.org/TR/xhtml1/DTD/xhtml1-transitional.dtd">
<html xmlns="http://www.w3.org/1999/xhtml" xml:lang="en" lang="en">
 <head>
  <title>
</title>
<meta http-equiv="Content-Type" content="text/html;charset=utf-8" />
  <meta name='ocr-system' content='tesseract 3.04.00' />
  <meta name='ocr-capabilities' content='ocr_page ocr_carea ocr_par ocr_line ocrx_word'/>
</head>
<body>
  <div class='ocr_page' id='page_1' title='image "./debellopeloponn01thucuoft_0430.png"; bbox 0 0 1670 3094; ppageno 0'>
   <div class='ocr_carea' id='block_1_1' title="bbox 282 158 1358 230">
    <p class='ocr_par' dir='ltr' id='par_1_1' title="bbox 282 158 1358 230">
     <span class='ocr_line' id='line_1_1' title="bbox 282 158 1358 230; baseline -0.005 -16"><span class='ocrx_word' id='word_1_1' title='bbox 282 165 382 230; x_wconf 49' lang='lat'>3&amp;</span> <span class='ocrx_word' id='word_1_2' title='bbox 490 158 1358 210; x_wconf 77' lang='lat' dir='ltr'>ANNoTATtoNEs</span> 
     </span>
    </p>
   </div>
   <div class='ocr_carea' id='block_1_2' title="bbox 280 236 1556 304">
    <p class='ocr_par' dir='ltr' id='par_1_2' title="bbox 280 236 1556 304">
     <span class='ocr_line' id='line_1_2' title="bbox 280 236 1556 304; baseline -0.001 -12"><span class='ocrx_word' id='word_1_3' title='bbox 280 251 420 292; x_wconf 67' lang='grc' dir='ltr'>τελεῖς.</span> <span class='ocrx_word' id='word_1_4' title='bbox 442 251 502 292; x_wconf 85' lang='lat' dir='ltr'>Sic</span> <span class='ocrx_word' id='word_1_5' title='bbox 525 251 626 301; x_wconf 90' lang='lat' dir='ltr'>VII,</span> <span class='ocrx_word' id='word_1_6' title='bbox 656 262 724 304; x_wconf 87' lang='lat'>57,</span> <span class='ocrx_word' id='word_1_7' title='bbox 749 249 815 290; x_wconf 76' lang='grc' dir='ltr'>κοοὶ</span> <span class='ocrx_word' id='word_1_8' title='bbox 838 249 910 292; x_wconf 72' lang='grc' dir='ltr'>τῶν</span> <span class='ocrx_word' id='word_1_9' title='bbox 936 248 1006 302; x_wconf 78' lang='grc' dir='ltr'>μὲν</span> <span class='ocrx_word' id='word_1_10' title='bbox 1030 246 1200 291; x_wconf 72' lang='grc' dir='ltr'>ὑπηκόων</span> <span class='ocrx_word' id='word_1_11' title='bbox 1223 250 1290 290; x_wconf 72' lang='grc' dir='ltr'>καὶ</span> <span class='ocrx_word' id='word_1_12' title='bbox 1314 249 1432 303; x_wconf 81' lang='grc' dir='ltr'>φόρου</span> <span class='ocrx_word' id='word_1_13' title='bbox 1461 236 1556 291; x_wconf 56' lang='grc' dir='ltr'>ὖπόὒ</span> 
     </span>
    </p>
   </div>
   <div class='ocr_carea' id='block_1_3' title="bbox 282 303 1614 365">
    <p class='ocr_par' dir='ltr' id='par_1_3' title="bbox 282 303 1614 365">
     <span class='ocr_line' id='line_1_3' title="bbox 282 303 1614 365; baseline -0.002 -20"><span class='ocrx_word' id='word_1_14' title='bbox 282 305 416 346; x_wconf 71' lang='grc' dir='ltr'>τελῶν.</span> <span class='ocrx_word' id='word_1_15' title='bbox 441 305 527 359; x_wconf 88' lang='lat' dir='ltr'>Qui</span> <span class='ocrx_word' id='word_1_16' title='bbox 545 317 674 346; x_wconf 90' lang='lat' dir='ltr'>tamen</span> <span class='ocrx_word' id='word_1_17' title='bbox 697 304 891 358; x_wconf 87' lang='lat' dir='ltr'>genitivus</span> <span class='ocrx_word' id='word_1_18' title='bbox 922 303 1058 365; x_wconf 38' lang='lat' dir='ltr'>abessem</span> <span class='ocrx_word' id='word_1_19' title='bbox 1071 303 1217 359; x_wconf 89' lang='lat' dir='ltr'>potest,</span> <span class='ocrx_word' id='word_1_20' title='bbox 1241 317 1330 344; x_wconf 88' lang='lat' dir='ltr'>cum</span> <span class='ocrx_word' id='word_1_21' title='bbox 1351 305 1393 345; x_wconf 92' lang='lat'>&amp;</span> <span class='ocrx_word' id='word_1_22' title='bbox 1421 303 1555 345; x_wconf 81' lang='lat' dir='ltr'>absen-</span> <span class='ocrx_word' id='word_1_23' title='bbox 1607 338 1614 342; x_wconf 81' lang='grc'>.</span> 
     </span>
    </p>
   </div>
   <div class='ocr_carea' id='block_1_4' title="bbox 279 353 1560 2412">
    <p class='ocr_par' dir='ltr' id='par_1_4' title="bbox 281 353 1557 521">
     <span class='ocr_line' id='line_1_4' title="bbox 281 353 1554 412; baseline -0.001 -12"><span class='ocrx_word' id='word_1_24' title='bbox 281 368 322 400; x_wconf 74' lang='lat' dir='ltr'>te</span> <span class='ocrx_word' id='word_1_25' title='bbox 348 359 416 399; x_wconf 83' lang='lat' dir='ltr'>ino</span> <span class='ocrx_word' id='word_1_26' title='bbox 445 360 578 400; x_wconf 84' lang='lat' dir='ltr'>eadem</span> <span class='ocrx_word' id='word_1_27' title='bbox 609 358 655 399; x_wconf 85' lang='lat' dir='ltr'>fit</span> <span class='ocrx_word' id='word_1_28' title='bbox 681 359 852 398; x_wconf 90' lang='lat' dir='ltr'>nominis</span> <span class='ocrx_word' id='word_1_29' title='bbox 875 353 1072 398; x_wconf 73' lang='grc' dir='ltr'>ὑποτελεις</span> <span class='ocrx_word' id='word_1_30' title='bbox 1098 356 1337 412; x_wconf 79' lang='lat' dir='ltr'>significatio.</span> <span class='ocrx_word' id='word_1_31' title='bbox 1367 357 1554 399; x_wconf 87' lang='lat' dir='ltr'>Ceterum</span> 
     </span>
     <span class='ocr_line' id='line_1_5' title="bbox 281 410 1555 466; baseline -0.001 -13"><span class='ocrx_word' id='word_1_32' title='bbox 281 414 453 466; x_wconf 83' lang='lat' dir='ltr'>graviter</span> <span class='ocrx_word' id='word_1_33' title='bbox 481 412 725 454; x_wconf 89' lang='lat' dir='ltr'>Scholiastem</span> <span class='ocrx_word' id='word_1_34' title='bbox 754 425 882 454; x_wconf 88' lang='lat' dir='ltr'>errare</span> <span class='ocrx_word' id='word_1_35' title='bbox 898 443 910 461; x_wconf 90' lang='lat'>,</span> <span class='ocrx_word' id='word_1_36' title='bbox 937 413 1159 466; x_wconf 83' lang='lat' dir='ltr'>iungentem</span> <span class='ocrx_word' id='word_1_37' title='bbox 1193 411 1283 452; x_wconf 76' lang='grc' dir='ltr'>τοὺς</span> <span class='ocrx_word' id='word_1_38' title='bbox 1314 410 1555 464; x_wconf 71' lang='grc' dir='ltr'>ξυμμάχους</span> 
     </span>
     <span class='ocr_line' id='line_1_6' title="bbox 281 464 1557 521; baseline -0.002 -13"><span class='ocrx_word' id='word_1_39' title='bbox 281 479 372 508; x_wconf 85' lang='lat' dir='ltr'>cum</span> <span class='ocrx_word' id='word_1_40' title='bbox 389 466 551 521; x_wconf 68' lang='grc' dir='ltr'>ἡγοῦντο</span> <span class='ocrx_word' id='word_1_41' title='bbox 565 497 575 514; x_wconf 86' lang='grc'><em>,</em></span> <span class='ocrx_word' id='word_1_42' title='bbox 589 479 697 507; x_wconf 87' lang='lat' dir='ltr'>meae</span> <span class='ocrx_word' id='word_1_43' title='bbox 714 467 752 505; x_wconf 89' lang='lat' dir='ltr'>in</span> <span class='ocrx_word' id='word_1_44' title='bbox 768 464 875 505; x_wconf 89' lang='lat' dir='ltr'>illum</span> <span class='ocrx_word' id='word_1_45' title='bbox 894 467 1162 506; x_wconf 84' lang='lat' dir='ltr'>annotationes</span> <span class='ocrx_word' id='word_1_46' title='bbox 1176 464 1385 506; x_wconf 90' lang='lat' dir='ltr'>ostendent.</span> <span class='ocrx_word' id='word_1_47' title='bbox 1401 465 1557 506; x_wconf 71' lang='lat' dir='ltr'>STEPH-</span> 
     </span>
    </p>

    <p class='ocr_par' dir='ltr' id='par_1_5' title="bbox 279 519 1560 736">
     <span class='ocr_line' id='line_1_7' title="bbox 335 519 1555 572; baseline -0.001 -12"><span class='ocrx_word' id='word_1_48' title='bbox 335 525 409 561; x_wconf 79' lang='lat' dir='ltr'>ead.</span> <span class='ocrx_word' id='word_1_49' title='bbox 425 524 448 561; x_wconf 93' lang='lat' dir='ltr'>l.</span> <span class='ocrx_word' id='word_1_50' title='bbox 473 536 510 572; x_wconf 94' lang='lat'>7.</span> <span class='ocrx_word' id='word_1_51' title='bbox 530 520 740 572; x_wconf 70' lang='grc' dir='ltr'>Πολεμίων)</span> <span class='ocrx_word' id='word_1_52' title='bbox 758 519 852 559; x_wconf 92' lang='lat' dir='ltr'>Non</span> <span class='ocrx_word' id='word_1_53' title='bbox 870 519 1018 560; x_wconf 71' lang='grc' dir='ltr'>πόλεων</span> <span class='ocrx_word' id='word_1_54' title='bbox 1032 549 1044 567; x_wconf 85' lang='grc'><em>,</em></span> <span class='ocrx_word' id='word_1_55' title='bbox 1062 519 1127 560; x_wconf 86' lang='lat' dir='ltr'>sed</span> <span class='ocrx_word' id='word_1_56' title='bbox 1145 519 1330 569; x_wconf 75' lang='grc' dir='ltr'>πολεμίων</span> <span class='ocrx_word' id='word_1_57' title='bbox 1349 519 1440 572; x_wconf 87' lang='lat' dir='ltr'>legit</span> <span class='ocrx_word' id='word_1_58' title='bbox 1457 519 1555 560; x_wconf 85' lang='lat' dir='ltr'>Val-</span> 
     </span>
     <span class='ocr_line' id='line_1_8' title="bbox 282 572 1558 629; baseline -0.002 -14"><span class='ocrx_word' id='word_1_59' title='bbox 282 573 341 615; x_wconf 81' lang='lat' dir='ltr'>la:</span> <span class='ocrx_word' id='word_1_60' title='bbox 366 576 472 629; x_wconf 85' lang='lat' dir='ltr'>quod</span> <span class='ocrx_word' id='word_1_61' title='bbox 492 576 606 615; x_wconf 83' lang='lat' dir='ltr'>etiam</span> <span class='ocrx_word' id='word_1_62' title='bbox 631 573 748 613; x_wconf 80' lang='lat' dir='ltr'>malo.</span> <span class='ocrx_word' id='word_1_63' title='bbox 778 572 904 612; x_wconf 76' lang='lat' dir='ltr'>IDEM.</span> <span class='ocrx_word' id='word_1_64' title='bbox 928 572 984 613; x_wconf 87' lang='lat' dir='ltr'>At</span> <span class='ocrx_word' id='word_1_65' title='bbox 1007 574 1206 622; x_wconf 85' lang='lat' dir='ltr'>civitates,</span> <span class='ocrx_word' id='word_1_66' title='bbox 1225 586 1325 628; x_wconf 87' lang='lat' dir='ltr'>quae</span> <span class='ocrx_word' id='word_1_67' title='bbox 1359 574 1399 612; x_wconf 89' lang='lat' dir='ltr'>in</span> <span class='ocrx_word' id='word_1_68' title='bbox 1426 574 1558 627; x_wconf 83' lang='lat' dir='ltr'>impe-</span> 
     </span>
     <span class='ocr_line' id='line_1_9' title="bbox 279 625 1560 676; baseline -0.001 -8"><span class='ocrx_word' id='word_1_69' title='bbox 279 629 382 669; x_wconf 83' lang='lat' dir='ltr'>rium</span> <span class='ocrx_word' id='word_1_70' title='bbox 403 629 547 669; x_wconf 87' lang='lat' dir='ltr'>Athen.</span> <span class='ocrx_word' id='word_1_71' title='bbox 566 625 852 676; x_wconf 66' lang='lat' dir='ltr'>concesserant,</span> <span class='ocrx_word' id='word_1_72' title='bbox 876 638 958 666; x_wconf 89' lang='lat' dir='ltr'>non</span> <span class='ocrx_word' id='word_1_73' title='bbox 982 627 1061 667; x_wconf 88' lang='lat' dir='ltr'>iam</span> <span class='ocrx_word' id='word_1_74' title='bbox 1087 626 1239 676; x_wconf 84' lang='lat' dir='ltr'>hostes,</span> <span class='ocrx_word' id='word_1_75' title='bbox 1261 626 1324 668; x_wconf 89' lang='lat' dir='ltr'>sed</span> <span class='ocrx_word' id='word_1_76' title='bbox 1349 626 1452 668; x_wconf 84' lang='lat' dir='ltr'>socii.</span> <span class='ocrx_word' id='word_1_77' title='bbox 1484 628 1560 673; x_wconf 46' lang='lat' dir='ltr'>ita&lt;</span> 
     </span>
     <span class='ocr_line' id='line_1_10' title="bbox 282 679 1362 736; baseline -0.002 -14"><span class='ocrx_word' id='word_1_78' title='bbox 282 696 360 736; x_wconf 78' lang='lat' dir='ltr'>que</span> <span class='ocrx_word' id='word_1_79' title='bbox 389 683 534 736; x_wconf 83' lang='lat' dir='ltr'>placet,</span> <span class='ocrx_word' id='word_1_80' title='bbox 559 682 665 736; x_wconf 91' lang='lat' dir='ltr'>quod</span> <span class='ocrx_word' id='word_1_81' title='bbox 686 681 828 721; x_wconf 87' lang='lat' dir='ltr'>habent</span> <span class='ocrx_word' id='word_1_82' title='bbox 845 679 908 720; x_wconf 88' lang='lat' dir='ltr'>alii</span> <span class='ocrx_word' id='word_1_83' title='bbox 925 679 1012 720; x_wconf 68' lang='lat' dir='ltr'>Mis.</span> <span class='ocrx_word' id='word_1_84' title='bbox 1036 679 1189 722; x_wconf 75' lang='grc' dir='ltr'>πόλεων.</span> <span class='ocrx_word' id='word_1_85' title='bbox 1216 683 1362 721; x_wconf 79' lang='lat' dir='ltr'>WAss.</span> 
     </span>
    </p>

    <p class='ocr_par' dir='ltr' id='par_1_6' title="bbox 281 732 1559 884">
     <span class='ocr_line' id='line_1_11' title="bbox 338 732 1559 790; baseline 0 -15"><span class='ocrx_word' id='word_1_86' title='bbox 338 738 430 788; x_wconf 72' lang='lat' dir='ltr'>Pag.</span> <span class='ocrx_word' id='word_1_87' title='bbox 453 750 518 790; x_wconf 82' lang='lat'>31.</span> <span class='ocrx_word' id='word_1_88' title='bbox 536 737 561 777; x_wconf 88' lang='lat' dir='ltr'>l.</span> <span class='ocrx_word' id='word_1_89' title='bbox 584 751 621 790; x_wconf 85' lang='lat'>3.</span> <span class='ocrx_word' id='word_1_90' title='bbox 645 734 833 776; x_wconf 67' lang='grc' dir='ltr'>Ἀθηναίων</span> <span class='ocrx_word' id='word_1_91' title='bbox 861 732 955 788; x_wconf 70' lang='grc' dir='ltr'>’γοῦν</span> <span class='ocrx_word' id='word_1_92' title='bbox 975 736 1020 773; x_wconf 64' lang='grc' dir='ltr'>τὶ</span> <span class='ocrx_word' id='word_1_93' title='bbox 1044 733 1185 776; x_wconf 66' lang='grc' dir='ltr'>πλῆθος</span> <span class='ocrx_word' id='word_1_94' title='bbox 1212 734 1316 784; x_wconf 86' lang='lat' dir='ltr'>&amp;c.)</span> <span class='ocrx_word' id='word_1_95' title='bbox 1343 734 1446 776; x_wconf 85' lang='lat' dir='ltr'>Vide</span> <span class='ocrx_word' id='word_1_96' title='bbox 1472 734 1559 775; x_wconf 84' lang='lat' dir='ltr'>An-</span> 
     </span>
     <span class='ocr_line' id='line_1_12' title="bbox 281 786 1556 884; baseline 0.002 -56"><span class='ocrx_word' id='word_1_97' title='bbox 281 801 380 884; x_wconf 52' lang='lat' dir='ltr'>nliiott.</span> <span class='ocrx_word' id='word_1_98' title='bbox 402 791 449 830; x_wconf 87' lang='lat' dir='ltr'>ad</span> <span class='ocrx_word' id='word_1_99' title='bbox 470 790 536 830; x_wconf 90' lang='lat' dir='ltr'>lib.</span> <span class='ocrx_word' id='word_1_100' title='bbox 560 791 608 837; x_wconf 89' lang='lat'>6,</span> <span class='ocrx_word' id='word_1_101' title='bbox 637 802 669 830; x_wconf 90' lang='lat' dir='ltr'>c.</span> <span class='ocrx_word' id='word_1_102' title='bbox 706 803 764 844; x_wconf 79' lang='lat'>54.</span> <span class='ocrx_word' id='word_1_103' title='bbox 799 787 868 829; x_wconf 87' lang='lat' dir='ltr'>ubi</span> <span class='ocrx_word' id='word_1_104' title='bbox 889 786 969 829; x_wconf 90' lang='lat' dir='ltr'>fuse</span> <span class='ocrx_word' id='word_1_105' title='bbox 991 787 1065 829; x_wconf 83' lang='lat' dir='ltr'>hac</span> <span class='ocrx_word' id='word_1_106' title='bbox 1087 789 1135 829; x_wconf 88' lang='lat' dir='ltr'>de</span> <span class='ocrx_word' id='word_1_107' title='bbox 1165 801 1207 829; x_wconf 86' lang='lat' dir='ltr'>re</span> <span class='ocrx_word' id='word_1_108' title='bbox 1226 788 1304 842; x_wconf 85' lang='lat' dir='ltr'>agit</span> <span class='ocrx_word' id='word_1_109' title='bbox 1331 788 1556 842; x_wconf 80' lang='lat' dir='ltr'>Thucydid.</span> 
     </span>
    </p>

    <p class='ocr_par' dir='ltr' id='par_1_7' title="bbox 326 856 1218 884">
     <span class='ocr_line' id='line_1_13' title="bbox 326 856 1218 884; baseline -0.003 0"><span class='ocrx_word' id='word_1_110' title='bbox 326 856 423 884; x_wconf 81' lang='lat' dir='ltr'>uns.</span> <span class='ocrx_word' id='word_1_111' title='bbox 1215 864 1218 867; x_wconf 90' lang='lat'><em>-</em></span> 
     </span>
    </p>

    <p class='ocr_par' dir='ltr' id='par_1_8' title="bbox 282 895 1555 1060">
     <span class='ocr_line' id='line_1_14' title="bbox 335 895 1553 951; baseline 0 -13"><span class='ocrx_word' id='word_1_112' title='bbox 335 902 409 939; x_wconf 83' lang='lat' dir='ltr'>ead.</span> <span class='ocrx_word' id='word_1_113' title='bbox 439 899 462 938; x_wconf 87' lang='lat' dir='ltr'><em>L</em></span> <span class='ocrx_word' id='word_1_114' title='bbox 502 910 534 949; x_wconf 74' lang='grc' dir='ltr'>ς.</span> <span class='ocrx_word' id='word_1_115' title='bbox 566 896 840 950; x_wconf 70' lang='grc' dir='ltr'>Πρεσβύτατος</span> <span class='ocrx_word' id='word_1_116' title='bbox 888 895 947 936; x_wconf 86' lang='lat' dir='ltr'>Ita</span> <span class='ocrx_word' id='word_1_117' title='bbox 971 895 1099 938; x_wconf 82' lang='lat' dir='ltr'>Schol.</span> <span class='ocrx_word' id='word_1_118' title='bbox 1133 895 1328 951; x_wconf 88' lang='lat' dir='ltr'>Aristoph.</span> <span class='ocrx_word' id='word_1_119' title='bbox 1356 901 1428 947; x_wconf 84' lang='grc' dir='ltr'>Σφ.</span> <span class='ocrx_word' id='word_1_120' title='bbox 1466 909 1553 949; x_wconf 86' lang='lat'>500.</span> 
     </span>
     <span class='ocr_line' id='line_1_15' title="bbox 284 949 1555 1004; baseline 0.001 -13"><span class='ocrx_word' id='word_1_121' title='bbox 284 953 433 992; x_wconf 80' lang='lat' dir='ltr'>WASS.</span> <span class='ocrx_word' id='word_1_122' title='bbox 458 952 550 992; x_wconf 86' lang='lat' dir='ltr'>Vid.</span> <span class='ocrx_word' id='word_1_123' title='bbox 569 951 713 992; x_wconf 89' lang='lat' dir='ltr'>Meurs.</span> <span class='ocrx_word' id='word_1_124' title='bbox 728 952 768 991; x_wconf 84' lang='lat' dir='ltr'>in</span> <span class='ocrx_word' id='word_1_125' title='bbox 785 952 828 992; x_wconf 88' lang='lat' dir='ltr'>Pi</span> <span class='ocrx_word' id='word_1_126' title='bbox 846 949 983 991; x_wconf 77' lang='lat' dir='ltr'>istrato</span> <span class='ocrx_word' id='word_1_127' title='bbox 999 963 1084 1004; x_wconf 90' lang='lat' dir='ltr'>cap.</span> <span class='ocrx_word' id='word_1_128' title='bbox 1110 963 1125 989; x_wconf 87' lang='lat'>1</span> <span class='ocrx_word' id='word_1_129' title='bbox 1137 964 1152 989; x_wconf 93' lang='lat'>1</span> <span class='ocrx_word' id='word_1_130' title='bbox 1165 981 1179 1000; x_wconf 85' lang='lat'>,</span> <span class='ocrx_word' id='word_1_131' title='bbox 1199 951 1242 992; x_wconf 71' lang='grc' dir='ltr'>δι</span> <span class='ocrx_word' id='word_1_132' title='bbox 1263 963 1363 1004; x_wconf 86' lang='lat' dir='ltr'>quae</span> <span class='ocrx_word' id='word_1_133' title='bbox 1381 950 1422 990; x_wconf 88' lang='lat' dir='ltr'>in</span> <span class='ocrx_word' id='word_1_134' title='bbox 1441 950 1555 992; x_wconf 81' lang='lat' dir='ltr'>Prae-</span> 
     </span>
     <span class='ocr_line' id='line_1_16' title="bbox 282 1003 1480 1060; baseline -0.003 -13"><span class='ocrx_word' id='word_1_135' title='bbox 282 1005 348 1047; x_wconf 80' lang='lat' dir='ltr'>fat.</span> <span class='ocrx_word' id='word_1_136' title='bbox 372 1007 491 1047; x_wconf 84' lang='lat' dir='ltr'>Tom.</span> <span class='ocrx_word' id='word_1_137' title='bbox 516 1007 556 1046; x_wconf 90' lang='lat' dir='ltr'>V</span> <span class='ocrx_word' id='word_1_138' title='bbox 578 1005 771 1060; x_wconf 81' lang='lat' dir='ltr'>Antiquit.</span> <span class='ocrx_word' id='word_1_139' title='bbox 792 1005 974 1047; x_wconf 87' lang='lat' dir='ltr'>Graecar.</span> <span class='ocrx_word' id='word_1_140' title='bbox 998 1005 1114 1045; x_wconf 88' lang='lat' dir='ltr'>habet</span> <span class='ocrx_word' id='word_1_141' title='bbox 1135 1003 1210 1045; x_wconf 85' lang='lat' dir='ltr'>Iac.</span> <span class='ocrx_word' id='word_1_142' title='bbox 1232 1003 1480 1045; x_wconf 87' lang='lat' dir='ltr'>Gronovius.</span> 
     </span>
    </p>

    <p class='ocr_par' dir='ltr' id='par_1_9' title="bbox 282 1057 1560 2290">
     <span class='ocr_line' id='line_1_17' title="bbox 335 1057 1559 1115; baseline -0.001 -15"><span class='ocrx_word' id='word_1_143' title='bbox 335 1065 410 1101; x_wconf 84' lang='lat' dir='ltr'>ead.</span> <span class='ocrx_word' id='word_1_144' title='bbox 435 1062 458 1100; x_wconf 92' lang='lat' dir='ltr'>l.</span> <span class='ocrx_word' id='word_1_145' title='bbox 480 1062 517 1101; x_wconf 91' lang='lat'>6.</span> <span class='ocrx_word' id='word_1_146' title='bbox 537 1063 740 1101; x_wconf 61' lang='grc' dir='ltr'>Θεσσαλὸς</span> <span class='ocrx_word' id='word_1_147' title='bbox 790 1059 991 1115; x_wconf 86' lang='lat' dir='ltr'>Quamvis</span> <span class='ocrx_word' id='word_1_148' title='bbox 1012 1059 1054 1099; x_wconf 77' lang='grc' dir='ltr'>δι</span> <span class='ocrx_word' id='word_1_149' title='bbox 1075 1059 1178 1114; x_wconf 87' lang='lat' dir='ltr'>apud</span> <span class='ocrx_word' id='word_1_150' title='bbox 1198 1057 1442 1099; x_wconf 89' lang='lat' dir='ltr'>Scholiastem</span> <span class='ocrx_word' id='word_1_151' title='bbox 1460 1064 1559 1099; x_wconf 81' lang='grc' dir='ltr'>Θετ-</span> 
     </span>
     <span class='ocr_line' id='line_1_18' title="bbox 283 1112 1560 1170; baseline -0.003 -14"><span class='ocrx_word' id='word_1_152' title='bbox 283 1117 404 1156; x_wconf 60' lang='grc' dir='ltr'><strong>ταλὸς</strong></span> <span class='ocrx_word' id='word_1_153' title='bbox 430 1114 610 1170; x_wconf 89' lang='lat' dir='ltr'>scriptum</span> <span class='ocrx_word' id='word_1_154' title='bbox 634 1112 679 1153; x_wconf 88' lang='lat' dir='ltr'>fit</span> <span class='ocrx_word' id='word_1_155' title='bbox 694 1145 707 1164; x_wconf 89' lang='lat'>,</span> <span class='ocrx_word' id='word_1_156' title='bbox 775 1113 1008 1166; x_wconf 86' lang='lat' dir='ltr'>hucydidem</span> <span class='ocrx_word' id='word_1_157' title='bbox 1029 1123 1160 1153; x_wconf 86' lang='lat' dir='ltr'>tamen</span> <span class='ocrx_word' id='word_1_158' title='bbox 1183 1112 1261 1153; x_wconf 88' lang='lat' dir='ltr'>hoc</span> <span class='ocrx_word' id='word_1_159' title='bbox 1285 1112 1480 1166; x_wconf 74' lang='lat' dir='ltr'>geminum</span> <span class='ocrx_word' id='word_1_160' title='bbox 1505 1125 1560 1152; x_wconf 83' lang='grc' dir='ltr'>ττ</span> 
     </span>
     <span class='ocr_line' id='line_1_19' title="bbox 282 1166 1558 1224; baseline -0.002 -15"><span class='ocrx_word' id='word_1_161' title='bbox 282 1183 359 1224; x_wconf 84' lang='lat' dir='ltr'>pro</span> <span class='ocrx_word' id='word_1_162' title='bbox 385 1170 544 1224; x_wconf 86' lang='lat' dir='ltr'>gemino</span> <span class='ocrx_word' id='word_1_163' title='bbox 581 1182 634 1209; x_wconf 89' lang='grc' dir='ltr'>σσ</span> <span class='ocrx_word' id='word_1_164' title='bbox 660 1181 742 1208; x_wconf 90' lang='lat' dir='ltr'>non</span> <span class='ocrx_word' id='word_1_165' title='bbox 775 1166 969 1222; x_wconf 72' lang='lat' dir='ltr'>usurpasse</span> <span class='ocrx_word' id='word_1_166' title='bbox 1003 1166 1177 1215; x_wconf 86' lang='lat' dir='ltr'>constat,</span> <span class='ocrx_word' id='word_1_167' title='bbox 1213 1166 1408 1208; x_wconf 64' lang='grc' dir='ltr'>θάλασσα.</span> <span class='ocrx_word' id='word_1_168' title='bbox 1441 1167 1558 1207; x_wconf 87' lang='lat' dir='ltr'>etiam</span> 
     </span>
     <span class='ocr_line' id='line_1_20' title="bbox 282 1220 1558 1264; baseline -0.002 0"><span class='ocrx_word' id='word_1_169' title='bbox 282 1237 366 1264; x_wconf 89' lang='lat' dir='ltr'>non</span> <span class='ocrx_word' id='word_1_170' title='bbox 398 1223 591 1264; x_wconf 54' lang='grc' dir='ltr'>θάλαττα</span> <span class='ocrx_word' id='word_1_171' title='bbox 624 1222 825 1263; x_wconf 82' lang='lat' dir='ltr'>dicentem.</span> <span class='ocrx_word' id='word_1_172' title='bbox 860 1223 1012 1262; x_wconf 76' lang='lat' dir='ltr'>STEPH.</span> <span class='ocrx_word' id='word_1_173' title='bbox 1046 1223 1249 1261; x_wconf 68' lang='grc' dir='ltr'>Θετταλὶς</span> <span class='ocrx_word' id='word_1_174' title='bbox 1290 1220 1420 1261; x_wconf 87' lang='lat' dir='ltr'>noster</span> <span class='ocrx_word' id='word_1_175' title='bbox 1483 1230 1558 1262; x_wconf 90' lang='lat' dir='ltr'>uto</span> 
     </span>
     <span class='ocr_line' id='line_1_21' title="bbox 283 1274 1560 1332; baseline -0.001 -15"><span class='ocrx_word' id='word_1_176' title='bbox 283 1291 498 1332; x_wconf 86' lang='lat' dir='ltr'>nunquam.</span> <span class='ocrx_word' id='word_1_177' title='bbox 519 1277 573 1317; x_wconf 94' lang='lat' dir='ltr'>At</span> <span class='ocrx_word' id='word_1_178' title='bbox 595 1289 685 1317; x_wconf 89' lang='lat' dir='ltr'>cum</span> <span class='ocrx_word' id='word_1_179' title='bbox 709 1276 835 1330; x_wconf 85' lang='lat' dir='ltr'>Marg.</span> <span class='ocrx_word' id='word_1_180' title='bbox 860 1274 1057 1330; x_wconf 86' lang='lat' dir='ltr'>Aristoph.</span> <span class='ocrx_word' id='word_1_181' title='bbox 1090 1275 1143 1316; x_wconf 87' lang='lat' dir='ltr'>Pl.</span> <span class='ocrx_word' id='word_1_182' title='bbox 1171 1274 1282 1316; x_wconf 87' lang='lat' dir='ltr'>Plato</span> <span class='ocrx_word' id='word_1_183' title='bbox 1305 1274 1346 1314; x_wconf 88' lang='lat' dir='ltr'>in</span> <span class='ocrx_word' id='word_1_184' title='bbox 1367 1274 1406 1315; x_wconf 82' lang='lat' dir='ltr'>A</span> <span class='ocrx_word' id='word_1_185' title='bbox 1434 1287 1460 1315; x_wconf 94' lang='lat' dir='ltr'>o</span> <span class='ocrx_word' id='word_1_186' title='bbox 1476 1304 1485 1314; x_wconf 95' lang='lat'>.</span> <span class='ocrx_word' id='word_1_187' title='bbox 1515 1274 1560 1316; x_wconf 72' lang='grc' dir='ltr'>δε</span> 
     </span>
     <span class='ocr_line' id='line_1_22' title="bbox 283 1288 1539 1385; baseline -0.003 -13"><span class='ocrx_word' id='word_1_188' title='bbox 283 1332 404 1383; x_wconf 87' lang='lat' dir='ltr'>alibi,</span> <span class='ocrx_word' id='word_1_189' title='bbox 423 1333 480 1372; x_wconf 87' lang='lat' dir='ltr'>uti</span> <span class='ocrx_word' id='word_1_190' title='bbox 507 1332 548 1371; x_wconf 73' lang='grc' dir='ltr'>δι</span> <span class='ocrx_word' id='word_1_191' title='bbox 569 1331 729 1372; x_wconf 87' lang='lat' dir='ltr'>Aristot.</span> <span class='ocrx_word' id='word_1_192' title='bbox 757 1329 1011 1385; x_wconf 84' lang='lat' dir='ltr'>Theophrast.</span> <span class='ocrx_word' id='word_1_193' title='bbox 1028 1327 1233 1370; x_wconf 88' lang='lat' dir='ltr'>Demosth.</span> <span class='ocrx_word' id='word_1_194' title='bbox 1263 1328 1369 1383; x_wconf 86' lang='lat' dir='ltr'>apud</span> <span class='ocrx_word' id='word_1_195' title='bbox 1392 1288 1448 1368; x_wconf 62' lang='lat'>13.</span> <span class='ocrx_word' id='word_1_196' title='bbox 1470 1328 1539 1368; x_wconf 82' lang='lat' dir='ltr'>Ha</span> 
     </span>
     <span class='ocr_line' id='line_1_23' title="bbox 282 1383 1557 1440; baseline -0.004 -13"><span class='ocrx_word' id='word_1_197' title='bbox 282 1387 415 1427; x_wconf 86' lang='lat' dir='ltr'>licarn.</span> <span class='ocrx_word' id='word_1_198' title='bbox 439 1386 699 1426; x_wconf 81' lang='lat' dir='ltr'>Philochorus</span> <span class='ocrx_word' id='word_1_199' title='bbox 726 1385 829 1440; x_wconf 85' lang='lat' dir='ltr'>apud</span> <span class='ocrx_word' id='word_1_200' title='bbox 853 1385 1029 1425; x_wconf 88' lang='lat' dir='ltr'>eundem.</span> <span class='ocrx_word' id='word_1_201' title='bbox 1052 1383 1236 1438; x_wconf 88' lang='lat' dir='ltr'>Xenoph.</span> <span class='ocrx_word' id='word_1_202' title='bbox 1263 1394 1435 1436; x_wconf 89' lang='lat' dir='ltr'>utroque</span> <span class='ocrx_word' id='word_1_203' title='bbox 1467 1395 1557 1422; x_wconf 90' lang='lat' dir='ltr'>mo-</span> 
     </span>
     <span class='ocr_line' id='line_1_24' title="bbox 283 1436 1557 1493; baseline -0.003 -12"><span class='ocrx_word' id='word_1_204' title='bbox 283 1441 336 1481; x_wconf 88' lang='lat' dir='ltr'>do</span> <span class='ocrx_word' id='word_1_205' title='bbox 356 1440 547 1481; x_wconf 89' lang='lat' dir='ltr'>Codicum</span> <span class='ocrx_word' id='word_1_206' title='bbox 566 1440 691 1488; x_wconf 87' lang='lat' dir='ltr'>vitio,</span> <span class='ocrx_word' id='word_1_207' title='bbox 709 1438 771 1479; x_wconf 87' lang='lat' dir='ltr'>sed</span> <span class='ocrx_word' id='word_1_208' title='bbox 790 1438 1028 1493; x_wconf 88' lang='lat' dir='ltr'>frequentius</span> <span class='ocrx_word' id='word_1_209' title='bbox 1047 1441 1158 1478; x_wconf 64' lang='lat'>33⁷⁷.</span> <span class='ocrx_word' id='word_1_210' title='bbox 1179 1436 1350 1492; x_wconf 81' lang='lat' dir='ltr'>Eupolis.</span> <span class='ocrx_word' id='word_1_211' title='bbox 1370 1436 1557 1477; x_wconf 74' lang='lat' dir='ltr'>Menand.</span> 
     </span>
     <span class='ocr_line' id='line_1_25' title="bbox 284 1489 1558 1550; baseline -0.004 -15"><span class='ocrx_word' id='word_1_212' title='bbox 284 1494 478 1550; x_wconf 78' lang='lat' dir='ltr'>Lysippus</span> <span class='ocrx_word' id='word_1_213' title='bbox 494 1497 535 1534; x_wconf 87' lang='lat' dir='ltr'>in</span> <span class='ocrx_word' id='word_1_214' title='bbox 552 1494 713 1534; x_wconf 85' lang='lat' dir='ltr'>Bacchis</span> <span class='ocrx_word' id='word_1_215' title='bbox 729 1494 833 1548; x_wconf 86' lang='lat' dir='ltr'>apud</span> <span class='ocrx_word' id='word_1_216' title='bbox 853 1494 1091 1547; x_wconf 83' lang='lat' dir='ltr'>Stephanum</span> <span class='ocrx_word' id='word_1_217' title='bbox 1110 1492 1156 1532; x_wconf 88' lang='lat' dir='ltr'>de</span> <span class='ocrx_word' id='word_1_218' title='bbox 1170 1492 1269 1532; x_wconf 90' lang='lat' dir='ltr'>Urb.</span> <span class='ocrx_word' id='word_1_219' title='bbox 1284 1489 1444 1532; x_wconf 83' lang='lat' dir='ltr'>Aristot.</span> <span class='ocrx_word' id='word_1_220' title='bbox 1459 1502 1558 1530; x_wconf 87' lang='lat' dir='ltr'>con·</span> 
     </span>
     <span class='ocr_line' id='line_1_26' title="bbox 283 1543 1558 1601; baseline -0.004 -12"><span class='ocrx_word' id='word_1_221' title='bbox 283 1559 343 1589; x_wconf 83' lang='lat' dir='ltr'>tra</span> <span class='ocrx_word' id='word_1_222' title='bbox 365 1550 404 1589; x_wconf 90' lang='lat' dir='ltr'>in</span> <span class='ocrx_word' id='word_1_223' title='bbox 425 1549 540 1589; x_wconf 87' lang='lat' dir='ltr'>Rhet.</span> <span class='ocrx_word' id='word_1_224' title='bbox 564 1548 677 1589; x_wconf 83' lang='lat' dir='ltr'>habet</span> <span class='ocrx_word' id='word_1_225' title='bbox 695 1546 964 1589; x_wconf 72' lang='grc' dir='ltr'><em>Θεσσαλίσκον</em></span> <span class='ocrx_word' id='word_1_226' title='bbox 981 1561 1019 1601; x_wconf 88' lang='lat' dir='ltr'>p.</span> <span class='ocrx_word' id='word_1_227' title='bbox 1049 1560 1094 1586; x_wconf 87' lang='lat'>10</span> <span class='ocrx_word' id='word_1_228' title='bbox 1117 1576 1133 1600; x_wconf 23' lang='lat' dir='ltr'>s.</span> <span class='ocrx_word' id='word_1_229' title='bbox 1148 1544 1397 1594; x_wconf 91' lang='lat' dir='ltr'>Herodotus,</span> <span class='ocrx_word' id='word_1_230' title='bbox 1415 1543 1478 1584; x_wconf 87' lang='lat' dir='ltr'>sed</span> <span class='ocrx_word' id='word_1_231' title='bbox 1500 1543 1558 1585; x_wconf 89' lang='lat' dir='ltr'>se-</span> 
     </span>
     <span class='ocr_line' id='line_1_27' title="bbox 284 1597 1556 1650; baseline -0.005 -6"><span class='ocrx_word' id='word_1_232' title='bbox 284 1603 385 1650; x_wconf 88' lang='lat' dir='ltr'>mel,</span> <span class='ocrx_word' id='word_1_233' title='bbox 409 1602 649 1644; x_wconf 73' lang='grc' dir='ltr'>Θεττοιλικέι.</span> <span class='ocrx_word' id='word_1_234' title='bbox 678 1602 781 1649; x_wconf 88' lang='lat' dir='ltr'>VII,</span> <span class='ocrx_word' id='word_1_235' title='bbox 813 1601 897 1642; x_wconf 86' lang='lat'>128.</span> <span class='ocrx_word' id='word_1_236' title='bbox 923 1600 1043 1641; x_wconf 86' lang='lat' dir='ltr'>Dion.</span> <span class='ocrx_word' id='word_1_237' title='bbox 1109 1600 1267 1640; x_wconf 81' lang='lat' dir='ltr'>alicam.</span> <span class='ocrx_word' id='word_1_238' title='bbox 1298 1609 1357 1640; x_wconf 87' lang='lat' dir='ltr'>ter</span> <span class='ocrx_word' id='word_1_239' title='bbox 1381 1597 1556 1639; x_wconf 79' lang='lat' dir='ltr'>nostrum</span> 
     </span>
     <span class='ocr_line' id='line_1_28' title="bbox 285 1652 1556 1707; baseline -0.004 -10"><span class='ocrx_word' id='word_1_240' title='bbox 285 1659 411 1698; x_wconf 88' lang='lat' dir='ltr'>citans</span> <span class='ocrx_word' id='word_1_241' title='bbox 439 1657 595 1698; x_wconf 87' lang='lat' dir='ltr'>exhibet</span> <span class='ocrx_word' id='word_1_242' title='bbox 614 1660 727 1697; x_wconf 59' lang='grc' dir='ltr'><em>δεσσ.</em></span> <span class='ocrx_word' id='word_1_243' title='bbox 754 1656 815 1696; x_wconf 90' lang='lat' dir='ltr'>Sic</span> <span class='ocrx_word' id='word_1_244' title='bbox 841 1655 954 1695; x_wconf 90' lang='lat' dir='ltr'>etiam</span> <span class='ocrx_word' id='word_1_245' title='bbox 975 1653 1195 1707; x_wconf 84' lang='lat' dir='ltr'>Aeschylus</span> <span class='ocrx_word' id='word_1_246' title='bbox 1219 1652 1316 1694; x_wconf 85' lang='lat' dir='ltr'>Pers.</span> <span class='ocrx_word' id='word_1_247' title='bbox 1343 1652 1447 1707; x_wconf 80' lang='lat'>4893</span> <span class='ocrx_word' id='word_1_248' title='bbox 1466 1652 1556 1706; x_wconf 7' lang='lat' dir='ltr'>*Eu-</span> 
     </span>
     <span class='ocr_line' id='line_1_29' title="bbox 283 1706 1555 1766; baseline -0.004 -15"><span class='ocrx_word' id='word_1_249' title='bbox 283 1712 420 1766; x_wconf 85' lang='lat' dir='ltr'>ripides</span> <span class='ocrx_word' id='word_1_250' title='bbox 448 1709 636 1752; x_wconf 83' lang='lat' dir='ltr'>Phoeniff.</span> <span class='ocrx_word' id='word_1_251' title='bbox 671 1724 740 1764; x_wconf 86' lang='lat'>33¹</span> <span class='ocrx_word' id='word_1_252' title='bbox 754 1741 769 1758; x_wconf 94' lang='lat'>,</span> <span class='ocrx_word' id='word_1_253' title='bbox 793 1710 835 1751; x_wconf 74' lang='grc' dir='ltr'>δι</span> <span class='ocrx_word' id='word_1_254' title='bbox 865 1709 923 1749; x_wconf 90' lang='lat' dir='ltr'>bis</span> <span class='ocrx_word' id='word_1_255' title='bbox 948 1710 990 1749; x_wconf 89' lang='lat' dir='ltr'>in</span> <span class='ocrx_word' id='word_1_256' title='bbox 1014 1707 1154 1749; x_wconf 87' lang='lat' dir='ltr'>Alcest.</span> <span class='ocrx_word' id='word_1_257' title='bbox 1182 1706 1340 1762; x_wconf 87' lang='lat' dir='ltr'>Hippol.</span> <span class='ocrx_word' id='word_1_258' title='bbox 1364 1706 1555 1748; x_wconf 86' lang='lat' dir='ltr'>Androm.</span> 
     </span>
     <span class='ocr_line' id='line_1_30' title="bbox 285 1759 1557 1819; baseline -0.006 -12"><span class='ocrx_word' id='word_1_259' title='bbox 285 1767 328 1807; x_wconf 77' lang='grc' dir='ltr'>δι</span> <span class='ocrx_word' id='word_1_260' title='bbox 353 1766 466 1807; x_wconf 88' lang='lat' dir='ltr'>alibi:</span> <span class='ocrx_word' id='word_1_261' title='bbox 501 1778 700 1819; x_wconf 87' lang='lat' dir='ltr'>nunquam</span> <span class='ocrx_word' id='word_1_262' title='bbox 725 1763 941 1804; x_wconf 64' lang='grc' dir='ltr'>δεττοιλίοιτ</span> <span class='ocrx_word' id='word_1_263' title='bbox 974 1763 1140 1817; x_wconf 86' lang='lat' dir='ltr'>denique</span> <span class='ocrx_word' id='word_1_264' title='bbox 1165 1776 1218 1801; x_wconf 81' lang='grc' dir='ltr'>ττ</span> <span class='ocrx_word' id='word_1_265' title='bbox 1244 1774 1319 1816; x_wconf 90' lang='lat' dir='ltr'>pro</span> <span class='ocrx_word' id='word_1_266' title='bbox 1345 1775 1396 1801; x_wconf 89' lang='grc' dir='ltr'>σσ</span> <span class='ocrx_word' id='word_1_267' title='bbox 1419 1759 1557 1800; x_wconf 72' lang='lat' dir='ltr'>rarissi-</span> 
     </span>
     <span class='ocr_line' id='line_1_31' title="bbox 284 1814 1557 1871; baseline -0.005 -11"><span class='ocrx_word' id='word_1_268' title='bbox 284 1834 348 1860; x_wconf 93' lang='lat' dir='ltr'>me</span> <span class='ocrx_word' id='word_1_269' title='bbox 363 1820 531 1870; x_wconf 85' lang='lat' dir='ltr'>exhibet,</span> <span class='ocrx_word' id='word_1_270' title='bbox 554 1820 596 1859; x_wconf 88' lang='lat'>&amp;</span> <span class='ocrx_word' id='word_1_271' title='bbox 615 1818 695 1859; x_wconf 86' lang='lat' dir='ltr'>fere</span> <span class='ocrx_word' id='word_1_272' title='bbox 717 1818 755 1858; x_wconf 91' lang='lat' dir='ltr'>in</span> <span class='ocrx_word' id='word_1_273' title='bbox 774 1817 1010 1871; x_wconf 79' lang='lat' dir='ltr'>fragmentis,</span> <span class='ocrx_word' id='word_1_274' title='bbox 1027 1817 1104 1857; x_wconf 91' lang='lat' dir='ltr'>hoc</span> <span class='ocrx_word' id='word_1_275' title='bbox 1118 1815 1186 1865; x_wconf 91' lang='lat' dir='ltr'>est,</span> <span class='ocrx_word' id='word_1_276' title='bbox 1203 1816 1243 1855; x_wconf 87' lang='lat' dir='ltr'>in</span> <span class='ocrx_word' id='word_1_277' title='bbox 1266 1814 1408 1870; x_wconf 85' lang='lat' dir='ltr'>quibus</span> <span class='ocrx_word' id='word_1_278' title='bbox 1421 1814 1557 1856; x_wconf 87' lang='lat' dir='ltr'>Gram-</span> 
     </span>
     <span class='ocr_line' id='line_1_32' title="bbox 285 1869 1557 1938; baseline -0.005 -24"><span class='ocrx_word' id='word_1_279' title='bbox 285 1875 416 1915; x_wconf 87' lang='lat' dir='ltr'>matici</span> <span class='ocrx_word' id='word_1_280' title='bbox 435 1874 504 1914; x_wconf 86' lang='lat' dir='ltr'>fibi</span> <span class='ocrx_word' id='word_1_281' title='bbox 530 1874 693 1914; x_wconf 88' lang='lat' dir='ltr'>nimium</span> <span class='ocrx_word' id='word_1_282' title='bbox 706 1872 975 1938; x_wconf 75' lang='lat' dir='ltr'>permiserunt.</span> <span class='ocrx_word' id='word_1_283' title='bbox 999 1871 1045 1911; x_wconf 90' lang='lat' dir='ltr'>In</span> <span class='ocrx_word' id='word_1_284' title='bbox 1074 1869 1268 1925; x_wconf 88' lang='lat' dir='ltr'>Sophocle</span> <span class='ocrx_word' id='word_1_285' title='bbox 1297 1880 1356 1910; x_wconf 91' lang='lat' dir='ltr'>ter</span> <span class='ocrx_word' id='word_1_286' title='bbox 1383 1879 1451 1909; x_wconf 84' lang='lat' dir='ltr'>aut</span> <span class='ocrx_word' id='word_1_287' title='bbox 1473 1881 1557 1908; x_wconf 82' lang='lat' dir='ltr'>am-</span> 
     </span>
     <span class='ocr_line' id='line_1_33' title="bbox 285 1921 1549 1982; baseline -0.004 -14"><span class='ocrx_word' id='word_1_288' title='bbox 285 1929 387 1982; x_wconf 82' lang='lat' dir='ltr'>plius</span> <span class='ocrx_word' id='word_1_289' title='bbox 400 1959 411 1977; x_wconf 89' lang='lat'>‚</span> <span class='ocrx_word' id='word_1_290' title='bbox 436 1929 620 1981; x_wconf 71' lang='grc' dir='ltr'>πρίιττειν</span> <span class='ocrx_word' id='word_1_291' title='bbox 635 1958 648 1976; x_wconf 85' lang='grc'><strong><em>,</em></strong></span> <span class='ocrx_word' id='word_1_292' title='bbox 665 1939 849 1978; x_wconf 70' lang='grc' dir='ltr'>φυλαττε</span> <span class='ocrx_word' id='word_1_293' title='bbox 860 1956 873 1973; x_wconf 92' lang='grc'><strong><em>,</em></strong></span> <span class='ocrx_word' id='word_1_294' title='bbox 890 1923 1039 1966; x_wconf 68' lang='grc' dir='ltr'>ἥνυττον</span> <span class='ocrx_word' id='word_1_295' title='bbox 1052 1954 1065 1971; x_wconf 82' lang='lat'>‚</span> <span class='ocrx_word' id='word_1_296' title='bbox 1092 1924 1255 1965; x_wconf 58' lang='grc' dir='ltr'>ἔλαττον</span> <span class='ocrx_word' id='word_1_297' title='bbox 1267 1955 1280 1973; x_wconf 91' lang='grc'><strong>,</strong></span> <span class='ocrx_word' id='word_1_298' title='bbox 1306 1921 1549 1977; x_wconf 72' lang='grc' dir='ltr'>κρείπουσιν.</span> 
     </span>
     <span class='ocr_line' id='line_1_34' title="bbox 286 1975 1556 2035; baseline -0.006 -13"><span class='ocrx_word' id='word_1_299' title='bbox 286 1981 361 2022; x_wconf 85' lang='lat' dir='ltr'>Sed</span> <span class='ocrx_word' id='word_1_300' title='bbox 383 1983 424 2022; x_wconf 66' lang='grc' dir='ltr'>ἃ</span> <span class='ocrx_word' id='word_1_301' title='bbox 444 1983 540 2022; x_wconf 90' lang='lat' dir='ltr'>haec</span> <span class='ocrx_word' id='word_1_302' title='bbox 568 1982 659 2022; x_wconf 87' lang='lat' dir='ltr'>mihi</span> <span class='ocrx_word' id='word_1_303' title='bbox 685 1979 864 2035; x_wconf 63' lang='lat' dir='ltr'>suspecta.</span> <span class='ocrx_word' id='word_1_304' title='bbox 882 1978 928 2019; x_wconf 92' lang='lat' dir='ltr'>In</span> <span class='ocrx_word' id='word_1_305' title='bbox 947 1978 1118 2020; x_wconf 85' lang='lat' dir='ltr'>Comicis</span> <span class='ocrx_word' id='word_1_306' title='bbox 1137 1979 1180 2019; x_wconf 88' lang='lat'>&amp;</span> <span class='ocrx_word' id='word_1_307' title='bbox 1203 1990 1343 2018; x_wconf 89' lang='lat' dir='ltr'>eorum</span> <span class='ocrx_word' id='word_1_308' title='bbox 1359 1975 1556 2030; x_wconf 85' lang='lat' dir='ltr'>fragmen·</span> 
     </span>
     <span class='ocr_line' id='line_1_35' title="bbox 285 2028 1554 2090; baseline -0.006 -15"><span class='ocrx_word' id='word_1_309' title='bbox 285 2036 334 2075; x_wconf 83' lang='lat' dir='ltr'>tis</span> <span class='ocrx_word' id='word_1_310' title='bbox 357 2036 449 2075; x_wconf 83' lang='lat' dir='ltr'>nihil</span> <span class='ocrx_word' id='word_1_311' title='bbox 478 2035 725 2090; x_wconf 87' lang='lat' dir='ltr'>frequentius.</span> <span class='ocrx_word' id='word_1_312' title='bbox 751 2033 856 2074; x_wconf 85' lang='lat' dir='ltr'>Infra</span> <span class='ocrx_word' id='word_1_313' title='bbox 910 2046 956 2074; x_wconf 86' lang='lat' dir='ltr'>ro</span> <span class='ocrx_word' id='word_1_314' title='bbox 988 2031 1207 2073; x_wconf 63' lang='lat' dir='ltr'>nnava&#39;wmae</span> <span class='ocrx_word' id='word_1_315' title='bbox 1239 2031 1325 2071; x_wconf 92' lang='lat' dir='ltr'>Dio</span> <span class='ocrx_word' id='word_1_316' title='bbox 1351 2028 1554 2081; x_wconf 82' lang='lat' dir='ltr'>chrysost.</span> 
     </span>
     <span class='ocr_line' id='line_1_36' title="bbox 286 2084 1553 2143; baseline -0.006 -13"><span class='ocrx_word' id='word_1_317' title='bbox 286 2089 398 2130; x_wconf 84' lang='lat' dir='ltr'>Orat.</span> <span class='ocrx_word' id='word_1_318' title='bbox 417 2090 476 2130; x_wconf 93' lang='lat' dir='ltr'>VI</span> <span class='ocrx_word' id='word_1_319' title='bbox 490 2121 502 2139; x_wconf 92' lang='lat'><strong>‚</strong></span> <span class='ocrx_word' id='word_1_320' title='bbox 525 2104 561 2143; x_wconf 90' lang='lat' dir='ltr'>p.</span> <span class='ocrx_word' id='word_1_321' title='bbox 582 2102 652 2142; x_wconf 91' lang='lat'>191</span> <span class='ocrx_word' id='word_1_322' title='bbox 682 2089 856 2136; x_wconf 77' lang='grc' dir='ltr'>σκυρίτην</span> <span class='ocrx_word' id='word_1_323' title='bbox 906 2087 1017 2133; x_wconf 88' lang='lat' dir='ltr'>abet,</span> <span class='ocrx_word' id='word_1_324' title='bbox 1040 2086 1251 2127; x_wconf 88' lang='lat' dir='ltr'>memoriae</span> <span class='ocrx_word' id='word_1_325' title='bbox 1267 2084 1382 2126; x_wconf 85' lang='lat' dir='ltr'>vitio.</span> <span class='ocrx_word' id='word_1_326' title='bbox 1397 2084 1553 2132; x_wconf 89' lang='lat' dir='ltr'>Miror,</span> 
     </span>
     <span class='ocr_line' id='line_1_37' title="bbox 286 2136 1555 2192; baseline -0.006 -8"><span class='ocrx_word' id='word_1_327' title='bbox 286 2143 366 2184; x_wconf 88' lang='lat' dir='ltr'>hoc</span> <span class='ocrx_word' id='word_1_328' title='bbox 394 2156 475 2184; x_wconf 88' lang='lat' dir='ltr'>non</span> <span class='ocrx_word' id='word_1_329' title='bbox 506 2141 723 2183; x_wconf 84' lang='lat' dir='ltr'>observaffe</span> <span class='ocrx_word' id='word_1_330' title='bbox 753 2141 955 2183; x_wconf 89' lang='lat' dir='ltr'>Seldenum</span> <span class='ocrx_word' id='word_1_331' title='bbox 970 2170 983 2189; x_wconf 93' lang='lat'>,</span> <span class='ocrx_word' id='word_1_332' title='bbox 1006 2141 1117 2181; x_wconf 91' lang='lat' dir='ltr'>cuius</span> <span class='ocrx_word' id='word_1_333' title='bbox 1143 2150 1256 2180; x_wconf 88' lang='lat' dir='ltr'>notas</span> <span class='ocrx_word' id='word_1_334' title='bbox 1275 2136 1437 2192; x_wconf 82' lang='lat' dir='ltr'>-publici</span> <span class='ocrx_word' id='word_1_335' title='bbox 1460 2137 1555 2177; x_wconf 87' lang='lat' dir='ltr'>iuris</span> 
     </span>
     <span class='ocr_line' id='line_1_38' title="bbox 286 2190 1551 2290; baseline -0.005 -53"><span class='ocrx_word' id='word_1_336' title='bbox 286 2196 375 2290; x_wconf 43' lang='lat' dir='ltr'>{escit</span> <span class='ocrx_word' id='word_1_337' title='bbox 404 2197 495 2240; x_wconf 76' lang='lat' dir='ltr'>clar.</span> <span class='ocrx_word' id='word_1_338' title='bbox 522 2196 722 2238; x_wconf 85' lang='lat' dir='ltr'>Wolffius.</span> <span class='ocrx_word' id='word_1_339' title='bbox 739 2196 820 2237; x_wconf 85' lang='lat' dir='ltr'>ead.</span> <span class='ocrx_word' id='word_1_340' title='bbox 842 2194 954 2236; x_wconf 88' lang='lat' dir='ltr'>Orat.</span> <span class='ocrx_word' id='word_1_341' title='bbox 978 2194 1099 2236; x_wconf 84' lang='lat' dir='ltr'>scribe</span> <span class='ocrx_word' id='word_1_342' title='bbox 1121 2194 1238 2234; x_wconf 87' lang='lat' dir='ltr'>etiam</span> <span class='ocrx_word' id='word_1_343' title='bbox 1265 2190 1551 2244; x_wconf 68' lang='grc' dir='ltr'>Ποιλιμβόθροισ.</span> 
     </span>
    </p>

    <p class='ocr_par' dir='ltr' id='par_1_10' title="bbox 348 2262 432 2292">
     <span class='ocr_line' id='line_1_39' title="bbox 348 2262 432 2292; baseline 0 -1"><span class='ocrx_word' id='word_1_344' title='bbox 348 2262 432 2292; x_wconf 75' lang='lat' dir='ltr'>Ass.</span> 
     </span>
    </p>

    <p class='ocr_par' dir='ltr' id='par_1_11' title="bbox 288 2297 1555 2412">
     <span class='ocr_line' id='line_1_40' title="bbox 341 2297 1555 2358; baseline -0.007 -13"><span class='ocrx_word' id='word_1_345' title='bbox 341 2308 416 2345; x_wconf 80' lang='lat' dir='ltr'>ead.</span> <span class='ocrx_word' id='word_1_346' title='bbox 436 2305 461 2344; x_wconf 86' lang='lat' dir='ltr'>l.</span> <span class='ocrx_word' id='word_1_347' title='bbox 485 2317 543 2344; x_wconf 71' lang='grc' dir='ltr'>η.</span> <span class='ocrx_word' id='word_1_348' title='bbox 569 2303 782 2358; x_wconf 78' lang='grc' dir='ltr'>Λεωκόριον)</span> <span class='ocrx_word' id='word_1_349' title='bbox 801 2302 904 2343; x_wconf 91' lang='lat' dir='ltr'>Cum</span> <span class='ocrx_word' id='word_1_350' title='bbox 929 2300 1080 2342; x_wconf 89' lang='lat' dir='ltr'>aliunde</span> <span class='ocrx_word' id='word_1_351' title='bbox 1093 2331 1104 2350; x_wconf 90' lang='lat'><em>‚</em></span> <span class='ocrx_word' id='word_1_352' title='bbox 1126 2310 1211 2341; x_wconf 91' lang='lat' dir='ltr'>tum</span> <span class='ocrx_word' id='word_1_353' title='bbox 1232 2311 1332 2341; x_wconf 87' lang='lat' dir='ltr'>vero</span> <span class='ocrx_word' id='word_1_354' title='bbox 1358 2311 1408 2339; x_wconf 87' lang='lat' dir='ltr'>ex</span> <span class='ocrx_word' id='word_1_355' title='bbox 1430 2297 1555 2338; x_wconf 88' lang='lat' dir='ltr'>Scho-</span> 
     </span>
     <span class='ocr_line' id='line_1_41' title="bbox 288 2351 1553 2412; baseline -0.006 -13"><span class='ocrx_word' id='word_1_356' title='bbox 288 2358 418 2409; x_wconf 87' lang='lat' dir='ltr'>liaste,</span> <span class='ocrx_word' id='word_1_357' title='bbox 437 2358 626 2412; x_wconf 77' lang='grc' dir='ltr'>Λεωκόριον</span> <span class='ocrx_word' id='word_1_358' title='bbox 640 2357 876 2399; x_wconf 86' lang='lat' dir='ltr'>scribendum</span> <span class='ocrx_word' id='word_1_359' title='bbox 900 2355 974 2396; x_wconf 85' lang='lat' dir='ltr'>effe</span> <span class='ocrx_word' id='word_1_360' title='bbox 999 2354 1184 2395; x_wconf 86' lang='lat' dir='ltr'>discimus.</span> <span class='ocrx_word' id='word_1_361' title='bbox 1206 2354 1358 2394; x_wconf 75' lang='lat' dir='ltr'>STEPH.</span> <span class='ocrx_word' id='word_1_362' title='bbox 1378 2351 1442 2392; x_wconf 91' lang='lat' dir='ltr'>De</span> <span class='ocrx_word' id='word_1_363' title='bbox 1456 2353 1553 2392; x_wconf 91' lang='lat' dir='ltr'>Leo-</span> 
     </span>
    </p>
   </div>
   <div class='ocr_carea' id='block_1_5' title="bbox 288 2405 1554 2462">
    <p class='ocr_par' dir='ltr' id='par_1_12' title="bbox 288 2374 1650 2462">
     <span class='ocr_line' id='line_1_42' title="bbox 288 2405 1554 2462; baseline -0.007 -9"><span class='ocrx_word' id='word_1_364' title='bbox 288 2414 401 2454; x_wconf 91' lang='lat' dir='ltr'>corio</span> <span class='ocrx_word' id='word_1_365' title='bbox 423 2411 596 2454; x_wconf 87' lang='lat' dir='ltr'>Hudson.</span> <span class='ocrx_word' id='word_1_366' title='bbox 625 2411 758 2452; x_wconf 88' lang='lat' dir='ltr'>ad-lib.</span> <span class='ocrx_word' id='word_1_367' title='bbox 786 2411 871 2459; x_wconf 92' lang='lat' dir='ltr'>VI,</span> <span class='ocrx_word' id='word_1_368' title='bbox 898 2423 931 2450; x_wconf 93' lang='lat' dir='ltr'>c.</span> <span class='ocrx_word' id='word_1_369' title='bbox 962 2422 1021 2462; x_wconf 85' lang='lat'>57.</span> <span class='ocrx_word' id='word_1_370' title='bbox 1045 2409 1142 2448; x_wconf 87' lang='lat' dir='ltr'>Add.</span> <span class='ocrx_word' id='word_1_371' title='bbox 1171 2406 1355 2448; x_wconf 85' lang='lat' dir='ltr'>Mauffac.</span> <span class='ocrx_word' id='word_1_372' title='bbox 1378 2405 1425 2446; x_wconf 83' lang='lat' dir='ltr'>ad</span> <span class='ocrx_word' id='word_1_373' title='bbox 1453 2406 1554 2445; x_wconf 88' lang='lat' dir='ltr'>Har·</span> 
     </span>
    </p>
   </div>
   <div class='ocr_carea' id='block_1_6' title="bbox 288 2457 1554 2523">
    <p class='ocr_par' dir='ltr' id='par_1_13' title="bbox 288 2457 1554 2523">
     <span class='ocr_line' id='line_1_43' title="bbox 288 2457 1554 2523; baseline -0.006 -14"><span class='ocrx_word' id='word_1_374' title='bbox 288 2477 437 2523; x_wconf 82' lang='lat' dir='ltr'>pocrat.</span> <span class='ocrx_word' id='word_1_375' title='bbox 457 2467 499 2511; x_wconf 87' lang='lat' dir='ltr'>in</span> <span class='ocrx_word' id='word_1_376' title='bbox 515 2465 728 2521; x_wconf 67' lang='grc' dir='ltr'>Λεωκόριον,</span> <span class='ocrx_word' id='word_1_377' title='bbox 748 2466 791 2508; x_wconf 88' lang='lat'>&amp;</span> <span class='ocrx_word' id='word_1_378' title='bbox 813 2477 914 2520; x_wconf 86' lang='lat' dir='ltr'>quae</span> <span class='ocrx_word' id='word_1_379' title='bbox 937 2463 984 2504; x_wconf 87' lang='lat' dir='ltr'>ad</span> <span class='ocrx_word' id='word_1_380' title='bbox 1007 2461 1150 2504; x_wconf 86' lang='lat' dir='ltr'>Meurs.</span> <span class='ocrx_word' id='word_1_381' title='bbox 1174 2461 1382 2503; x_wconf 86' lang='lat' dir='ltr'>Panathen.</span> <span class='ocrx_word' id='word_1_382' title='bbox 1403 2471 1438 2502; x_wconf 85' lang='lat' dir='ltr'>c.</span> <span class='ocrx_word' id='word_1_383' title='bbox 1459 2457 1554 2501; x_wconf 70' lang='lat' dir='ltr'>xix</span> 
     </span>
    </p>
   </div>
  </div>
 </body>
</html>
