1670 3094
261 201 481 245 *LXXXVI
583 194 743 242 CAR.
778 194 1009 242 ANDR.
1045 194 1370 242 DUKERI

261 301 508 352 duce3nunc
531 311 660 342 autem
685 301 760 343 effe
785 301 1016 342 illustriffimi
1040 301 1207 343 Comitis
1232 298 1438 344 Christiani
1457 302 1545 346 Da-·

260 363 477 411 neschiold,
504 363 673 404 Domini
698 363 877 404 Samsoae
912 364 987 404 &c-
1018 365 1091 404 His
1117 363 1270 406 acceffit
1299 365 1438 406 Codex
1465 366 1543 408 ΜΤ.

263 438 290 466 e
311 426 556 468 Bibliotheca
574 425 801 467 sereniffimi
822 426 1001 480 Principis
1027 427 1259 481 Landgravii
1282 427 1427 469 Hass'o-
1442 428 1543 470 Cas-

262 486 412 538 sellam,
435 489 544 532 cuius
567 488 663 529 mihi
696 488 893 542 quondam
923 488 1106 528 indicium
1146 488 1287 530 fecerat
1311 490 1375 530 vir
1409 490 1544 531 claris-

261 549 382 592 fimus
423 552 475 592 Io.
516 551 638 592 Herm.
672 552 870 592 schmincke
890 583 902 600 ‚
934 564 957 590 a
985 550 1229 593 Bibliotheca
1256 551 1464 607 Principis,
1497 554 1540 595 &

262 611 525 654 Historiarum
555 613 595 653 in
628 612 838 655 Academia
873 610 1144 666 Marburgenfi
1172 611 1377 654 Professor.
1412 614 1542 655 Huius

264 674 401 724 usum,
432 685 571 729 agente
599 673 667 714 illo
697 673 780 728 ipso
812 673 962 723 indice,
992 673 1058 723 iis,
1090 674 1158 728 qui
1190 675 1230 714 in
1255 675 1373 716 literis
1399 675 1544 731 aliquid

265 748 480 785 conantur,
502 737 550 778 ad
571 737 704 779 omnia
734 737 862 778 officia
893 735 1154 791 paratiffimo,
1177 751 1259 779 non
1287 738 1489 794 difficulter
1518 752 1544 780 a

267 798 514 841 Sereniffimo
539 800 739 854 Principe,
767 813 868 854 quae
889 810 972 840 erat
993 799 1091 842 illius
1110 800 1335 850 clementia,
1361 801 1404 842 &
1421 801 1545 842 incre-

266 858 383 901 dibile
406 873 453 902 ac
482 860 672 915 singulare
705 874 824 903 omne
858 874 980 916 genus
1014 871 1115 903 artes
1138 875 1186 903 ac
1212 861 1384 903 scientias
1418 862 1547 904 incre-

267 925 409 966 mentis
444 925 608 979 augendi
640 923 828 974 studium,
858 925 1162 979 impetraverunt
1193 924 1450 980 Bibliopolae.
1482 924 1547 966 Est

266 984 333 1027 hic
355 984 452 1026 liber
480 986 609 1027 forma
637 986 833 1035 maxima,
859 985 923 1026 sed
944 987 1131 1042 quadrata
1155 987 1300 1040 magiS,
1325 1000 1445 1042 quam
1473 988 1548 1028 ob-

267 1046 411 1102 longa,
434 1049 599 1103 eleganti
623 1062 741 1090 manu
774 1049 817 1089 in
846 1048 1006 1099 charta,
1032 1048 1276 1102 bombycina
1301 1060 1421 1103 puto,
1453 1047 1548 1090 scri·

267 1121 360 1165 ptus
386 1111 485 1152 adeo
511 1110 647 1159 densa,
673 1122 717 1152 ut
740 1123 823 1152 uno
857 1110 1035 1152 alterove
1057 1110 1153 1152 loco
1180 1110 1362 1152 adversae
1385 1112 1547 1166 paginae

268 1171 405 1213 versus
436 1173 586 1227 aliquot
617 1170 796 1225 scalpello
824 1170 969 1212 exsciffi
1003 1171 1076 1211 fint
1094 1202 1109 1219 ,
1136 1170 1270 1212 illaesis
1297 1172 1479 1213 omnibus
1505 1173 1548 1213 in

268 1233 403 1275 aversa
435 1234 564 1275 literis.
590 1233 638 1274 In
667 1232 745 1274 fine
768 1246 888 1274 manu
917 1232 1070 1282 vetusta
1097 1233 1139 1275 &
1166 1233 1287 1274 minio
1312 1233 1385 1275 hae
1413 1233 1549 1275 literae

267 1295 428 1352 scriptae
456 1296 563 1338 sunt:

268 1373 1142 1430 *ProawszaeschBlei
1174 1373 1547 1431 Ηολχοιλχ

717 1456 763 1500 Π
786 1474 822 1512 χ
842 1474 867 1501 τ
897 1459 925 1503 ¹1¹
953 1474 979 1501 τ·
1000 1464 1025 1499 λ
1047 1474 1097 1511 χ.

267 1539 306 1582 id
327 1542 403 1594 est,
419 1543 627 1586 secundum
646 1541 994 1598 cryptographiam
1013 1540 1259 1581 librariorum
1277 1539 1549 1590 Graecorum,

267 1603 375 1656 quod
400 1616 423 1644 e
448 1603 687 1644 celeberrimi
709 1602 978 1655 Montefhlconii
1002 1599 1301 1654 Palaeographia
1327 1599 1481 1641 Graeca
1505 1613 1546 1654 p.

265 1662 347 1709 288
370 1660 505 1716 didici,
523 1665 634 1708 τέλος
656 1664 723 1707 σὺν
741 1663 817 1716 θεῷ’
837 1663 904 1707 τῆς
928 1664 1061 1712 βίβλου
1090 1660 1346 1703 Θουκυέίὸου.
1369 1661 1463 1703 Inde

664 1783 690 1796 Ν
788 1781 816 1794 Ν
898 1765 919 1790 ὲ·
1081 1780 1108 1792 Ν
1197 1779 1223 1791 Ν

360 1768 1472 1873 ετζῑῑΨξΠεῇᾸ

265 1924 435 1967 quarum
464 1913 550 1954 illae
574 1912 764 1963 indicant,
785 1910 927 1952 librum
952 1909 1138 1964 scriptum
1157 1907 1233 1950 effe
1259 1906 1309 1949 A.
1334 1907 1392 1950 M.
1416 1905 1545 1959 67603

266 1973 352 2018 slve
379 1974 518 2016 Christi
553 1988 674 2029 ¹2523
709 1974 757 2015 ad
788 1986 906 2028 quam
928 1971 1008 2013 fere
1041 1981 1206 2012 aetatem
1240 1970 1348 2011 illum
1378 1967 1548 2011 referen-

266 2036 362 2080 dum
383 2036 458 2077 effe
490 2038 607 2078 etiam
639 2047 751 2084 ante,
784 2049 902 2090 quam
927 2047 992 2076 eas
1010 2033 1368 2081 confidemveram,
1392 2047 1443 2075 ex
1466 2033 1547 2088 ipsa

265 2095 396 2144 forma
419 2096 461 2138 δι
482 2096 658 2138 ductibus
687 2097 884 2137 literarum
916 2108 1005 2136 cum
1041 2092 1312 2149 speciminibus
1338 2091 1546 2148 scripturae

266 2160 444 2214 Graecae
465 2161 580 2203 seculi
603 2161 678 2202 XII
704 2162 743 2202 δι
768 2160 862 2201 ΧΠΙ
891 2161 934 2200 in
955 2159 1088 2200 eadem
1111 2157 1407 2212 Palaeographia
1435 2170 1545 2199 com-

266 2236 490 2280 paratarum
521 2226 788 2274 conieceram3
819 2224 890 2265 hae
916 2222 1120 2277 quomodo
1149 2221 1332 2276 explicari
1354 2220 1518 2262 debeant
1531 2251 1546 2271 ‚

266 2300 342 2330 nec
369 2285 506 2328 clariff.
533 2285 866 2334 Hemsterhufius,
886 2298 1004 2339 quem
1034 2283 1082 2325 de
1105 2295 1151 2324 ea
1173 2295 1215 2323 re
1246 2280 1542 2332 consulueram,

268 2362 343 2390 nec
365 2362 440 2403 ego
469 2348 592 2391 adhuc
613 2347 840 2401 investigare
867 2347 1080 2402 potuimus.
1109 2345 1226 2393 Erat,
1247 2344 1315 2398 qui
1334 2342 1540 2399 suspicare-

269 2422 358 2462 tur,
380 2412 452 2453 illis
479 2413 655 2454 denotari
677 2412 942 2453 indictionem·
951 2406 1004 2452 'de
1018 2423 1101 2465 quo
1124 2409 1334 2457 videbunt,
1353 2410 1421 2463 qui
1443 2409 1542 2450 mul·

269 2484 334 2517 tos
362 2488 480 2518 manu
506 2485 689 2517 exaratos
721 2473 886 2516 Codices
920 2473 1094 2515 Graecos
1133 2461 1392 2527 inspexerunt.
1434 2471 1541 2512 Inter
