1670 3094
246 185 515 227 Lxxxvm
597 170 747 222 CAR.
782 170 1013 222 ANDR.
1047 168 1358 222 DUKERI

247 291 328 328 cata
351 286 534 340 nobtsssum.
561 284 755 337 Exemplar
769 298 848 325 vero
878 283 1168 339 Constantinopoli
1181 313 1194 333 ‚
1216 296 1258 323 m:
1285 283 1322 323 in
1344 283 1407 324 illo
1423 288 1528 337 prae²

239 348 424 403 scribitur,
452 348 498 388 ab
529 347 689 400 Eugenio
721 346 853 398 Papa,
884 348 938 398 fic
975 346 1062 385 enim
1087 358 1257 386 vocarunt
1288 344 1415 384 Graeci
1440 345 1528 398 ficos

249 411 426 464 magistros
451 410 589 464 paterni
618 407 758 462 affiklus
783 408 916 448 nomine
927 436 941 454 ,
967 407 1096 448 Ioanni
1121 409 1258 448 cuidam
1283 407 1432 447 Aretino
1462 423 1526 448 an-

247 484 282 511 te
308 486 422 512 annos
448 471 599 522 amplius
624 482 778 518 centum,
802 468 872 519 (id
902 466 982 518 est,
1010 478 1098 508 ante
1121 480 1267 509 annum
1303 480 1416 518 1440.
1437 481 1528 509 nam

248 532 499 586 Hervagiana
527 531 648 572 editio
678 543 784 571 anno
814 543 915 586 ¹540
954 529 1126 584 prodiit)
1164 531 1222 584 qui
1242 529 1282 582 fi
1315 531 1376 570 illo
1396 532 1530 584 fludio-

249 603 324 628 rum
355 587 459 639 causti
492 587 622 626 contuli
650 597 682 624 et
701 615 715 632 ,
745 588 909 625 donatum
926 614 940 632 ‚
979 584 1017 623 6·
1044 584 1202 637 Bafileae
1227 584 1392 638 hucusque
1431 584 1533 637 affer-

249 660 373 688 vatum
401 646 488 701 ficit.
522 646 597 686 Sed
632 644 875 699 Hervagium
907 643 1107 698 quaedam'
1136 658 1218 686 non
1249 645 1352 686 reae
1378 645 1533 696 vidiffe,

251 707 296 748 δι
327 720 410 749 non
446 721 530 749 uno
562 708 655 749 loco
691 707 827 756 aliam,
864 716 983 760 atque
1018 705 1059 746 in
1089 705 1164 746 Ms.
1195 705 1276 756 est,
1304 705 1532 761 scripturam
1606 701 1616 717 '

250 768 414 817 dedisse,
442 767 691 822 deprehendit
719 767 821 807 idem
850 765 1120 807 Wetstenius:
1156 767 1204 808 de
1236 767 1376 822 quibus
1409 767 1534 809 ledo-

251 844 336 873 rem
363 829 439 871 suis
467 829 563 870 locis
587 830 737 870 monui.
762 828 828 869 De
849 827 1077 883 praestantia
1105 828 1252 870 horum
1276 830 1535 882 MSStorum,

253 893 402 947 quique
441 905 582 934 eorum
617 892 702 932 aliis
740 890 978 946 praeferendi
998 921 1011 941 ‚
1044 891 1114 945 qui
1143 891 1400 946 postponendi
1431 891 1505 933 sint
1521 925 1536 944 ,

252 969 337 998 non
375 955 475 996 volo
505 954 687 996 iudicium
715 967 846 995 meum
884 955 1155 1008 interponere,
1184 956 1277 1009 quia
1312 955 1425 998 suum
1451 957 1545 998 cui--

255 1032 333 1073 que
365 1019 571 1074 pulchrum
608 1017 673 1060 est.
708 1018 823 1067 Scio,
848 1018 940 1071 quid
967 1018 1014 1058 de
1043 1017 1283 1072 quibusdam*
1305 1033 1444 1061 eorum
1476 1022 1537 1061 iu·

253 1082 383 1123 dicent
409 1081 470 1121 alii
491 1112 504 1129 ,
532 1081 576 1122 &
600 1079 764 1121 fortaffis
793 1079 908 1122 reae.
945 1080 1040 1129 Sed,
1077 1081 1185 1135 quod
1217 1082 1345 1136 vulgo
1374 1082 1446 1123 dici
1469 1081 1542 1123 so-

254 1145 331 1196 let,
356 1146 484 1186 nullus
507 1145 605 1185 liber
629 1155 708 1185 tam
736 1144 859 1185 malus
883 1143 958 1194 est,
978 1144 1048 1198 qui
1073 1157 1157 1185 non
1187 1144 1315 1199 aliqua
1343 1158 1451 1200 parte
1477 1145 1537 1186 sui

254 1209 385 1250 bonus
419 1208 477 1248 fit.
511 1209 604 1249 Hoc
629 1206 740 1249 facile
774 1207 1029 1248 animadverti
1056 1206 1181 1262 potest
1195 1239 1209 1258 ‚
1237 1208 1336 1250 duos
1356 1240 1371 1257 ‚
1398 1209 1540 1263 quibus

256 1271 428 1326 primum
462 1269 553 1313 usus
581 1269 654 1312 fuit
683 1269 894 1311 Hudsonus
907 1299 920 1317 ,
940 1269 1170 1324 plerumque
1201 1271 1301 1312 inter
1326 1270 1364 1312 se
1382 1271 1425 1312 &
1445 1284 1540 1312 cum

255 1333 414 1377 Danico
428 1365 440 1383 ‚
461 1333 816 1375 Clarendonianum
844 1334 967 1386 magis
991 1347 1081 1374 cum
1105 1333 1237 1386 Regio
1259 1332 1303 1374 &
1322 1332 1542 1375 Caffellano

257 1397 476 1447 consentite
486 1426 497 1445 ,
512 1394 765 1437 Bafileensem
785 1405 915 1436 autem
933 1394 976 1434 δι
992 1394 1262 1436 Graevianum
1280 1395 1427 1437 medios
1442 1410 1543 1450 quo·

256 1460 471 1502 dammodo
494 1458 570 1501 effe
588 1488 601 1510 ,
635 1458 679 1501 δι
708 1457 823 1513 saepe
854 1457 1015 1499 eandem
1048 1470 1094 1499 ac
1123 1457 1353 1513 singularem
1382 1457 1542 1513 scriptu.

257 1534 342 1562 ram
365 1522 518 1564 habere.

314 1583 541 1625 Editionum
556 1581 797 1624 vetustarum
815 1593 967 1637 praeter
981 1582 1307 1625 Vascosanianam
1330 1584 1447 1624 trium
1462 1584 1543 1638 pri-

259 1658 417 1686 morum
453 1644 670 1694 librorum,
708 1658 826 1698 quam
856 1645 1001 1699 ubique
1031 1659 1123 1687 cum
1163 1645 1303 1687 Aldina
1328 1646 1543 1688 convenire

259 1721 344 1755 non
373 1706 478 1749 reete
514 1707 603 1748 dicit
628 1706 867 1756 Hudsonus‚
889 1706 919 1748 fi
953 1708 1073 1748 modo
1099 1707 1177 1762 ipse
1204 1708 1332 1749 varias
1357 1707 1543 1749 leffiones

260 1770 427 1812 Aldinae
457 1769 560 1812 refie
594 1768 783 1823 descripsit
796 1798 810 1816 ,
833 1770 877 1810 δι
899 1769 1152 1811 Bafileensem
1178 1770 1368 1825 Hervagii
1396 1770 1543 1812 nullam

261 1832 402 1880 habui,
431 1832 541 1873 cuius
570 1831 650 1872 duo
675 1831 910 1885 exemplaria
932 1831 1096 1871 eundem
1123 1845 1269 1872 annum
1301 1844 1403 1885 1540
1434 1845 1544 1886 prae-

261 1890 442 1941 ferentia,
464 1891 690 1946 quibusdam
710 1892 810 1934 locis
837 1891 1051 1933 discordare
1073 1892 1293 1935 observavi.
1317 1893 1424 1943 Nec,
1445 1906 1543 1948 quas

261 1968 345 1996 non
364 1956 554 1996 habebam
566 1987 579 2006 ‚
597 1968 836 2011 magnopere
856 1955 1064 2010 requisivi,
1081 1969 1194 2002 cum,
1214 1955 1323 2009 quod
1346 1955 1443 1995 mihi
1462 1965 1544 1995 tan-

262 2027 349 2058 tum
376 2017 620 2072 propositum
642 2028 726 2058 erat
750 2017 961 2068 editionem
985 2016 1279 2058 Hudsonianam
1308 2015 1544 2065 instaurare,

263 2090 363 2127 tum,
377 2080 486 2133 quod
499 2080 716 2128 credebam,
735 2078 972 2120 Hudsonum
992 2092 1129 2120 omnes
1147 2078 1235 2119 satis
1250 2090 1431 2120 accurate
1449 2091 1544 2119 cum

265 2142 353 2183 edit.
377 2142 484 2184 Porti
504 2142 725 2191 contulisse3
747 2155 827 2196 qua
847 2142 894 2182 de
913 2155 954 2183 re
973 2152 1103 2183 tamen
1123 2142 1259 2183 deinde
1274 2142 1450 2183 nonnihil
1470 2142 1542 2183 du·

263 2205 392 2246 bitare
415 2205 553 2257 coepi,
569 2203 775 2258 postquam
799 2203 904 2251 vidi,
928 2217 1018 2244 eum
1042 2204 1084 2243 in
1106 2202 1356 2245 describendis
1371 2202 1546 2244 leffioni-

266 2266 342 2308 bus
366 2266 455 2307 edit.
481 2265 751 2318 Hervagianae
775 2264 861 2319 plus
885 2263 999 2305 semel
1018 2260 1231 2306 aberrasse.¹

321 2328 397 2371 His
417 2327 568 2369 auxiliis
588 2327 761 2375 adiutus,
784 2327 903 2369 totius
930 2326 1061 2380 operis
1078 2325 1177 2367 hanc
1199 2326 1389 2367 rationem
1413 2327 1539 2367 tenui.

265 2387 313 2429 In
336 2386 393 2437 τῷ
418 2385 598 2439 κειμένῳ,
619 2397 771 2427 textum
790 2386 914 2439 vulgo
933 2397 1104 2435 vocant,
1128 2385 1395 2438 Thucydidis,
1419 2387 1461 2427 &
1482 2388 1541 2426 in-

267 2451 544 2509 tei-pretatione
571 2450 707 2494 Latina
727 2449 878 2493 secutus
908 2447 992 2492 sum
1017 2450 1224 2494 editionem
1249 2448 1546 2499 oxoniensem,

1660 981 1665 989 ·
1666 891 1670 905 .-
1663 843 1670 852 ι
1657 786 1670 810 ‘11
1655 767 1670 778 :'.
1652 628 1670 756 maild-
1652 580 1654 582 ⁴
1658 564 1660 566 ’
