1670 3094
285 121 383 237 ξφ
492 158 1368 216 ΑΝΝΟΤΑΤῚΟΝΕΞ

282 271 368 300 non
390 256 497 299 secus
518 256 660 307 vertit,
689 268 808 311 quam
827 253 857 296 fi
879 253 1021 309 legisset
1035 286 1047 305 ‚
1069 253 1143 295 τῶν
1165 253 1359 309 σηοέσβεων
1377 252 1448 298 τῆς
1465 249 1564 310 ξυμὲ

276 309 954 407 '‘5513ss“fga’suwfflepss‘assffiffiffi
981 308 1463 405 1333²2¹1¹1¹5352¹¹Jidmcffe¹¹
1490 322 1562 351 ‘³⁰'

338 420 433 475 Pag.
464 421 548 473 165.
574 421 600 459 l.
634 419 671 459 6.
697 417 789 459 Τοὺς
822 377 1045 472 regau-hm&
1074 416 1224 458 Alludit
1261 417 1308 458 ad
1332 376 1563 473 Sargedglis

283 472 398 516 Orat.
418 473 520 529 apud
538 473 702 513 Homer.
727 470 773 511 Il.
794 471 851 523 μ’,
882 483 968 524 310.
988 472 1136 512 WASS.
1418 518 1424 524 ·

339 531 415 568 ead.
445 529 470 568 l.
495 527 533 567 8.
559 525 678 578 Ἧμῶν
706 547 752 556 -
778 524 1080 578 ἐνηλλάγησαν)
1102 524 1225 566 Dion.
1250 524 1340 566 Hal.
1367 535 1454 580 pag.
1483 538 1562 579 ¹34
1651 542 1653 544 ·

283 595 361 637 pro
391 577 653 633 συνύλλαξαν.
682 579 811 619 IDEM.
837 577 1015 619 Ostendit
1047 578 1101 618 ibi
1123 578 1294 632 Dionys.
1313 579 1459 634 paffiva
1487 593 1563 635 pro
1648 583 1650 585 ’

286 636 425 677 affivis
446 649 470 675 a
487 633 724 687 Thucydide
747 631 945 687 usurpari3
963 641 1008 693 ut
1032 644 1126 672 mox
1151 646 1314 697 quoque
1337 634 1566 687 κατῳκημέ-

286 704 392 739 νους,
455 701 505 729 ro
540 685 827 739 κατῳκηκότας.
858 687 914 727 Ἐν
943 700 991 738 τῃ
1018 699 1206 740 (hemme
1229 686 1392 729 fortaffis
1418 689 1458 728 in
1492 687 1566 730 suo

286 756 428 797 exemp
444 744 498 783 ari
520 743 669 784 invenit
686 739 927 794 Dionyfius:
939 753 1029 781 nam
1051 739 1146 781 haec
1164 740 1283 781 etiam
1300 741 1391 782 alibi
1404 741 1444 782 in
1456 742 1566 784 libris

286 796 357 838 scri
362 798 438 852 ptis
458 805 741 852 permutantur.
756 795 851 836 Vid.
873 793 973 849 supr.
999 793 1047 834 ad
1061 806 1144 848 cap.
1172 793 1232 834 18.
1253 794 1448 850 Scriptura
1464 796 1568 838 Cod.

289 851 396 912 Dan:
416 851 641 905 μεσόγαιαν
665 862 747 890 non
769 849 823 890 est
846 848 926 889 fine
947 847 1127 910 exemplo
1147 847 1324 890 aliorum.
1343 848 1435 890 Τοὺς
1456 848 1567 890 κάτω

288 906 486 947 οἰκουντας
508 905 625 946 etiam
654 904 755 959 supr.
776 916 811 944 c.
832 917 858 954 7
881 903 969 944 dicit
987 916 1061 957 pro
1081 903 1128 942 ils
1141 933 1154 952 ,
1175 902 1243 956 qui
1267 903 1474 944 maritimas
1503 917 1567 945 re-
1644 903 1646 905 ’

289 961 428 1015 giones
452 959 606 1000 habent.
632 958 783 999 Contra
805 956 838 997 οἱ
866 954 941 998 ἄνω
961 988 973 1007 ,
1001 957 1072 1011 qui
1101 956 1396 998 mediterraneas
1417 957 1569 999 colunt.
1647 963 1649 966 ⁴

287 1013 379 1054 infr.
413 1027 496 1069 cap.
523 1026 609 1066 137·
629 1012 672 1053 &
692 1010 847 1060 ἄνωθεν,
867 1008 891 1051 e
913 1011 1011 1052 locis
1033 1010 1338 1060 mediterraneis,
1358 1009 1460 1065 supr.
1481 1025 1570 1066 cap.

296 1082 358 1123 59.
382 1069 474 1108 Vid.
499 1067 682 1109 Bernard.
705 1066 752 1107 ad
775 1065 926 1120 Ioseph.
951 1065 984 1105 Ι.
1006 1065 1051 1105 Β.-
1073 1064 1104 1104 I.
1133 1077 1311 1119 prooem.
1339 1064 1381 1105 δι
1407 1065 1565 1106 Salmas.
1642 1122 1643 1126 Ἰ

290 1123 341 1163 ad
364 1122 485 1188 Solin.
518 1128 606 1177 pag.
638 1133 686 1176 43
696 1135 731 1162 2.
752 1120 803 1161 Et
823 1119 876 1161 s1c
910 1128 1166 1175 opponuntur
1190 1118 1407 1167 ἀναβαίνειν
1431 1119 1476 1162 &
1499 1135 1572 1161 κα-

292 1178 499 1271 mazza}
516 1242 578 1270 ιο.
599 1228 671 1271 Τὴν
694 1227 938 1282 μεσόγειαν)
962 1227 1179 1282 Stephanus
1203 1205 1355 1283 praeter
1376 1239 1444 1276 ea,
1469 1240 1572 1282 quae

291 1297 344 1326 ex
366 1285 618 1326 annotatione
632 1283 732 1324 illius
754 1281 944 1337 descripfit
963 1280 1139 1323 Hudson.
1157 1282 1197 1322 in
1217 1283 1314 1323 Var.
1329 1281 1434 1323 Lech
1453 1283 1570 1323 etiam

291 1339 392 1380 haec
424 1338 567 1380 habet:
603 1338 698 1378 Non
725 1335 940 1391 μεσόγειαν
973 1348 1102 1377 autem
1121 1365 1134 1386 ‚
1165 1334 1228 1377 sed
1248 1335 1452 1390 μεσόγειον
1478 1336 1572 1376 alibi

294 1394 398 1447 apud
418 1393 521 1435 hunc
542 1390 663 1446 ipsum
684 1391 909 1446 scriptorem
928 1390 1102 1443 legimus.
1123 1389 1238 1431 Unde
1258 1400 1388 1430 autem
1412 1389 1574 1444 Stepha-
1640 1415 1643 1418 >

294 1461 370 1488 nus
385 1447 567 1502 suspicari
582 1446 774 1500 potuerit,
789 1444 1063 1498 Thucydidem
1081 1444 1142 1485 hic
1155 1444 1285 1499 potius
1305 1443 1484 1539 scrdpfiffe
1502 1459 1574 1484 κα-

296 1503 355 1542 τὰ.
374 1500 442 1543 τὴν
458 1499 688 1555 μεσόγειον,
709 1513 827 1554 quam
847 1499 913 1540 τὴν
929 1498 1144 1552 μεσόγειαν
1157 1526 1169 1547 ,
1191 1511 1274 1538 non
1291 1511 1346 1552 po
1376 1512 1403 1539 u

297 1555 402 1597 Nam
423 1555 570 1596 infinita
593 1554 680 1595 sunt
697 1553 875 1608 exempla
893 1553 1007 1595 verbi
1028 1551 1215 1594 κατοικεῖν
1236 1565 1327 1593 cum
1345 1551 1572 1595 accusativo

297 1609 379 1651 fine
398 1609 681 1665 praepofitione
711 1608 852 1663 positi,
876 1617 922 1648 ut
943 1607 1134 1648 κατοικεῖν
1157 1605 1316 1659 χῶραν,
1337 1605 1466 1654 νῆα-ον,
1498 1605 1574 1646 πέ-

300 1677 386 1759 '‘ni''
419 1663 584 1719 ἤπειρονε
607 1676 779 1718 quorum
811 1662 857 1703 &
886 1660 965 1717 ipse
999 1660 1186 1702 nonnulla
1214 1661 1257 1700 in
1281 1658 1457 1702 Thesaro
1479 1673 1574 1715 pro·
1638 1702 1640 1706 ,

298 1729 400 1760 tu1t.
432 1726 434 1729 ’

369 1775 461 1826 Pag.
487 1772 573 1813 166.
590 1772 616 1812 l.
644 1784 661 1825 5
681 1769 762 1826 sqq.
780 1769 938 1825 Ἀνὸρόν
953 1771 1034 1824 γὰρ
1057 1791 1103 1801 -
1119 1766 1361 1820 ἐλλείπομεν)
1383 1766 1576 1810 Stobaeus

299 1841 387 1883 pag.
413 1838 516 1881 353,
543 1827 586 1867 &
617 1825 804 1879 ξυμβῆναι
830 1839 922 1867 cum
952 1823 1093 1864 nostris
1121 1821 1306 1876 agnoscit.
1332 1822 1380 1863 In
1411 1821 1575 1863 eandem

299 1882 525 1946 sententiam
541 1881 679 1933 Cyrus
697 1879 744 1919 ad
766 1879 902 1920 Laced.
923 1878 1024 1933 apud
1042 1877 1232 1918 Herodot.
1255 1876 1298 1927 1,
1326 1889 1421 1931 153:
1439 1876 1478 1917 ἢν
1494 1875 1575 1929 ἐγὼ

301 1935 462 1990 υγιαίνω
477 1967 489 1983 ,
510 1931 550 1974 οὐ
576 1936 633 1976 τα
657 1933 777 1976 Ἰώνων
801 1934 941 1974 πάθεα
963 1931 1074 1973 ἔσται
1093 1932 1289 1985 ἂλεσχα,
1312 1930 1424 1971 ἀλλὰ.
1447 1931 1506 1969 τὰ
1524 1930 1577 1973 σι’-,
1630 1965 1638 1976 .,

302 1990 407 2033 κη’ἱα.
430 1991 578 2030 WASS.
1635 2019 1637 2024 ,

356 2047 431 2084 ead.
461 2044 484 2082 l.
516 2056 576 2082 12.
607 2041 855 2092 Πλεσνέιζων)
883 2040 968 2081 Liv.
993 2040 1070 2080 111.-
1098 2039 1224 2088 castris
1244 2037 1284 2091 fi
1307 2038 1461 2092 pavidus
1483 2049 1576 2076 tene-

303 2100 375 2139 bat.
399 2100 506 2150 Quod
536 2098 595 2136 ubi
612 2097 788 2149 finfirunt
813 2097 942 2150 hostes,
964 2094 1159 2136 CREVIT
1179 2109 1224 2134 ex
1255 2091 1423 2133 METU
1439 2091 1577 2142 alieno,

307 2165 348 2191 ut
361 2154 432 2204 fit,
455 2152 616 2202 audacia.
644 2150 771 2190 IDEM.
1542 2158 1546 2164 ”
1628 2149 1634 2199 γ’

312 2234 316 2238 «
361 2205 565 2257 Pag..167.
592 2205 617 2244 I.
641 2203 678 2243 6.
708 2201 950 2257 Ἐγείρομεν)
973 2202 1193 2242 Homerum
1220 2198 1416 2254 sequitur,
1438 2198 1507 2252 qui
1532 2197 1578 2240 11.

306 2258 358 2309 λ’,
380 2271 477 2310 213:
499 2256 621 2312 ἔγειρε
640 2255 687 2296 δὲ
707 2257 876 2308 φύλοπιν
891 2253 1004 2298 αἰνήν.
1024 2256 1127 2296 Hinc
1149 2255 1266 2296 etiam
1292 2251 1486 2301 Hefiodus
1501 2252 1579 2293 Mi.
1627 2262 1632 2302 ᾗ

305 2326 470 2356 nervam
495 2322 614 2358 vocat
638 2309 916 2363 ἑγρεκὺὃοιμον.
940 2310 1067 2365 IDEM.

361 2369 437 2409 ead.
461 2366 488 2407 l.
510 2379 548 2420 9.
568 2366 735 2405 ’Ἔπειτα
766 2363 826 2416 ὁμ.
845 2363 864 2416 )
896 2364 1030 2404 Unum
1054 2375 1103 2403 ex
1127 2361 1172 2403 iis
1186 2393 1199 2412 ,
1225 2360 1272 2403 de
1296 2360 1437 2415 quibus
1459 2358 1576 2401 semel

309 2419 510 2463 admoneri
534 2418 719 2460 leaorem
741 2426 924 2472 oportet,
947 2416 1042 2457 istud
1061 2428 1223 2470 quoque
1244 2415 1321 2465 est,
1345 2411 1577 2469 saepeapu'd
1617 2434 1628 2465 ,ς

267 2504 269 2506 -
309 2473 582 2529 Th'ucydidem
607 2471 695 2530 post
719 2471 867 2528 πρῶτον
887 2470 978 2526 μὲν,
1007 2469 1115 2526 sequi
1140 2469 1307 2522 ἔπειτα,
1326 2481 1408 2512 non
1435 2467 1581 2510 adiecta

1405 1511 1444 1537 m
1462 1496 1572 1542 scire'.
1639 1517 1643 1522 Δ
