1670 3094
269 212 408 262 'xcv1
508 212 665 260 CAR.
707 208 946 259 ANDR.
986 208 1321 259 DUKERI

273 316 363 359 τοὺς
385 317 448 358 ἐπὶ
476 319 530 358 τέι
552 316 668 370 ὃεξιέι
695 316 879 359 εἰσιόντων
907 314 1024 367 ἄφες
1053 316 1095 358 &
1123 316 1227 358 Dial.
1250 315 1443 360 Meretric.
1469 317 1550 370 IV,·

273 380 460 421 εἰσιόντων
484 380 548 419 ἐπὶ
575 383 630 419 τὰ,
655 378 771 432 Segi&
789 382 885 434 πρὶς
910 379 967 429 τῷ
996 379 1181 431 Διπύλῳ,
1202 380 1342 434 quibus
1367 380 1407 420 in
1432 380 1546 422 locu-

278 442 453 482 tionibus
474 440 656 482 rarissime
672 472 684 492 ‚
706 441 847 490 credo,
874 441 1042 496 reperies
1059 441 1124 481 ἐπὶ
1146 441 1287 494 ὃεξιὲι,
1314 441 1381 482 vel
1405 442 1470 482 ἐπὶ
1491 443 1552 486 τὰ,
1575 454 1577 457 ’

276 503 397 556 sege&
416 503 499 544 τοῖς
521 502 696 553 εἰσιοῦσι,
715 502 781 543 vel
797 499 950 555 ἐξιοῦσι.
977 503 1024 543 In
1046 502 1163 556 Lysia
1181 504 1380 558 legebatur
1404 503 1550 544 iuuetis

277 565 445 606 vocibus
472 565 654 606 εἰσιόντων
675 567 767 618 ’πρὶς
793 564 844 616 τῇ
870 564 999 616 Νεμέᾳ
1025 562 1182 606 ἕστηκεν
1210 565 1414 620 ἐπιὲέξιω,
1440 565 1551 621 quod

278 628 420 670 Pollux
434 640 622 682 tanquam
641 628 770 668 minus
787 627 968 669 usitatum
989 641 1065 683 pro
1086 629 1129 669 ἐκ.
1149 627 1287 681 Σεξιᾶς
1306 631 1463 683 χειρὶς,
1480 629 1552 670 ob-

280 691 436 733 servare
451 704 531 731 non
546 691 715 744 neglexit
729 691 786 740 11,
809 706 895 747 159.
909 693 999 733 alias
1013 693 1130 735 etiam
1145 692 1267 734 solent
1279 693 1352 735 τῶν
1367 693 1552 735 εἰσιόντων

283 755 352 796 vel
364 754 529 807 ἐξιόντων
551 753 587 793 ἐν
607 752 806 806 ἀριστερᾷ,
827 754 863 795 ἐν
880 753 1016 807 δεξιᾷ,
1029 754 1151 796 veluti
1167 755 1458 808 non,Lucianus
1469 756 1555 810 qui·

285 819 394 867 dem,
419 816 483 856 sed
511 816 687 856 eruditus
716 827 846 855 tamen
864 815 905 856 &
931 815 1152 870 ingeniosus
1183 817 1346 872 scriptor
1375 814 1554 857 Encomii

279 878 560 922 Demosthenis
584 878 631 918 ad
655 878 781 932 ipsum
805 878 970 918 initium.
992 878 1182 919 Aelianus
1196 879 1250 920 V.
1265 879 1318 920 H.
1333 879 1432 929 VIII
1446 910 1460 928 ,
1483 879 1554 929 16,

284 941 536 982 Philostratus
560 940 723 997 devitis
741 939 860 994 Soph.
875 939 987 980 Lib.I
1009 940 1047 980 in
1072 939 1173 990 fine,
1194 940 1325 981 itidem
1348 940 1391 981 ἐκ
1406 939 1557 993 ἓεξιῖις.

286 1004 361 1045 Sed
376 1003 448 1044 usu
462 1003 613 1043 rariore
626 1001 948 1057 praepositionem
964 1002 1093 1043 omisit
1106 1003 1281 1056 Pyrgion
1295 1003 1397 1058 apud
1410 1002 1554 1044 Athen.

288 1068 367 1117 IV,
385 1079 474 1120 pag.
494 1081 566 1121 145
593 1066 636 1107 F.
656 1065 835 1121 τράπεζα.
851 1066 957 1120 τρίτη
976 1066 1114 1119 θεξιῖις
1138 1066 1322 1109 εἰσιόντων
1341 1067 1396 1108 εἰς
1419 1070 1473 1109 τὰ,
1493 1068 1559 1108 ἀνιὸ

287 1130 415 1184 spera.
436 1131 530 1170 Non
555 1142 618 1170 me
638 1128 759 1183 fugit,
772 1128 1048 1185 Casaubonum
1070 1130 1112 1170 ἐκ
1127 1128 1265 1183 ἒεξιᾶς
1283 1130 1478 1184 corrigere
1491 1128 1559 1171 vel

289 1192 329 1233 ἐν
351 1189 487 1244 ὃεξιᾷε
507 1189 570 1231 sed
584 1222 596 1241 ,
617 1204 700 1245 quo
720 1190 846 1248 minus
863 1189 1062 1239 assentiar,
1082 1191 1222 1232 retinet
1244 1205 1307 1232 me
1329 1191 1456 1233 Schol.
1473 1191 1562 1232 Pin—

291 1254 375 1294 dari
400 1253 447 1294 ad
470 1258 524 1302 O,
547 1258 587 1292 11·
601 1285 614 1303 ‚
642 1266 712 1306 32,
741 1253 808 1307 qui
833 1266 884 1294 ex
907 1253 1175 1309 Theopompo
1195 1254 1385 1308 protulit,
1409 1254 1563 1295 εἰσιόντι

292 1318 350 1358 εἰς
362 1320 425 1359 τὶν
446 1319 528 1358 ναόν
551 1317 757 1370 ἀριστερᾶς
779 1319 935 1371 χειρδς,
958 1317 1024 1358 ubi
1044 1316 1087 1370 ἐξ
1109 1318 1267 1371 perinde
1292 1317 1431 1359 deficit.
1451 1318 1561 1359 Tum

292 1379 505 1421 secundum
531 1378 624 1418 illud
646 1376 800 1430 ένὲέξιοι
818 1378 945 1432 legiffe
965 1378 1228 1432 Hesychium,
1252 1381 1319 1433 vel
1340 1381 1473 1435 potius
1495 1394 1566 1422 ve-

296 1441 505 1483 tustiorum
528 1441 698 1494 aliquem
724 1439 1107 1492 Grammaticorum,
1134 1455 1183 1482 ex
1207 1456 1291 1497 quo
1315 1442 1384 1483 ista
1414 1442 1567 1483 fuerant

297 1504 506 1558 descripta,
524 1502 579 1544 fic
599 1502 687 1544 satis
705 1503 760 1543 est
780 1503 1034 1545 manifestum.
1058 1506 1151 1546 Non
1169 1519 1231 1546 me
1249 1504 1425 1559 tugiunt,
1442 1519 1566 1560 quae,

295 1567 393 1624 quia
416 1566 533 1607 locus'
549 1564 596 1605 fit
618 1565 844 1616 mutilatus,
869 1565 898 1606 fi
914 1567 1000 1621 quis
1023 1567 1247 1622 pertendat,
1268 1577 1405 1608 contra
1426 1566 1569 1622 possint

297 1630 503 1685 disputari,
527 1629 623 1670 haec
642 1629 722 1670 alio
744 1631 961 1684 pertinere,
985 1639 1102 1684 atque
1126 1629 1225 1670 adeo
1247 1628 1323 1670 effe
1341 1629 1568 1671 transferen-

299 1692 349 1732 da
374 1691 420 1732 ad
446 1691 676 1746 praecedens
701 1691 737 1732 ἐν
761 1690 900 1745 δεξιᾷ,
923 1691 965 1731 ἐκ
992 1690 1150 1745 δεξιῶν,
1178 1691 1242 1732 cui
1266 1690 1567 1744 Thucydideum

297 1754 401 1795 istud
434 1753 483 1793 ad
514 1751 692 1806 vulgatas
724 1752 808 1793 edd.
836 1752 1115 1793 emendandum
1150 1752 1318 1808 exempli
1339 1753 1439 1794 vice·
1454 1752 1570 1794 fuerit

301 1816 509 1858 adiestum:
532 1815 595 1857 sed
619 1815 746 1857 multo
765 1816 941 1866 minore,
968 1826 1012 1856 ut
1033 1815 1188 1870 quidem
1214 1827 1339 1870 puto,
1360 1814 1570 1871 probabili-

303 1881 392 1921 tatis
411 1879 534 1934 specie
548 1911 559 1929 ,
589 1892 707 1933 quam
735 1877 765 1918 si
790 1879 894 1919 hunc
918 1878 958 1918 in
983 1878 1143 1919 modum
1170 1873 1393 1919 sententiam
1423 1879 1569 1920 verbo-

301 1955 392 1983 rum
406 1942 622 1995 capiamus:
641 1939 811 1993 Ἐνέέξιοι
822 1941 981 1995 quando
1001 1939 1340 1995 antepenultimam
1354 1940 1469 1982 habet
1482 1954 1574 1982 acu-

304 2014 410 2053 tam,
427 2003 564 2044 addere
579 2016 661 2044 non
679 2004 893 2058 poterimus
910 2004 950 2043 in
966 2004 1157 2044 orationis
1178 2004 1361 2058 proximo
1374 2004 1572 2055 membro,

305 2065 417 2120 quod
430 2065 655 2120 oppofitum
678 2066 752 2107 est:
773 2067 826 2106 ita
836 2066 1091 2119 Thucydides
1117 2066 1263 2107 nullam
1282 2066 1455 2108 fa6turus
1468 2075 1575 2108 men-

306 2129 456 2169 tionem
477 2127 554 2170 loci
575 2128 732 2168 alterius
745 2129 792 2168 ad
805 2127 988 2168 finistram
1006 2127 1064 2185 siti
1078 2160 1091 2178 ,
1109 2127 1253 2183 scripsit
1273 2127 1423 2183 {vstigia
1438 2129 1573 2170 εἰσπλ.

308 2189 356 2231 In
370 2190 414 2230 iis
434 2200 586 2239 autem,
599 2203 702 2244 quae
722 2190 942 2244 perierunt,
967 2193 987 2242 (
998 2190 1074 2231 hoc
1092 2189 1180 2230 satis
1197 2189 1360 2230 ostendit
1380 2190 1411 2230 εἰ
1429 2189 1590 2244 ΜΕΝ)

310 2250 499 2292 diversam
519 2249 595 2291 effe
615 2250 805 2292 rationem
825 2252 1041 2301 docuerat,
1061 2250 1091 2291 fi
1113 2250 1253 2291 scribas
1274 2251 1310 2292 ἓν
1332 2250 1469 2304 ὣεξιᾷε
1489 2261 1574 2291 tum

311 2313 416 2354 enim
438 2311 562 2352 solere
584 2312 832 2366 ἐπιφέρεσθαι
857 2315 900 2351 τὶ
924 2311 1184 2364 ἀντικείμενον,
1198 2311 1404 2365 quomodo
1421 2313 1461 2352 in
1474 2311 1577 2352 Stra-

314 2374 421 2416 bone
437 2374 576 2424 XVII,
599 2386 686 2429 pag.
713 2387 813 2424 1144
835 2373 882 2414 B.
902 2374 1008 2412 κατὰ.
1026 2372 1095 2424 μὲν
1117 2373 1180 2411 τὶν
1201 2383 1383 2412 εισπλουν
1403 2372 1438 2412 ἑν
1462 2369 1578 2425 ἒεξιᾷ

313 2434 338 2479 ai
367 2435 472 2479 νῆσος
500 2436 576 2478 διε.
610 2437 720 2476 κατὰ
747 2435 795 2476 δὲ
817 2435 884 2476 τὴν
911 2433 1041 2489 ἑτέραν
1071 2433 1205 2488 χεῖρα.
1236 2433 1280 2474 8(
1305 2433 1455 2489 saepius
1475 2434 1579 2488 apud

315 2500 481 2545 eundem
503 2510 620 2555 atque
637 2499 746 2541 alios.
768 2499 855 2554 Ego
878 2498 1034 2553 quidem
1052 2496 1249 2540 discrimen
1269 2495 1362 2538 illud
1382 2497 1483 2540 haud
1498 2509 1580 2538 ma·
1655 2481 1665 2518 3'
