1670 3094
301 165 399 213 -322
509 145 1375 196 ANNOTATIONES

293 250 391 289 „quae
407 233 446 273 in
470 233 576 287 caustz
592 233 737 286 fuerunt
750 265 762 283 ,
785 250 846 274 cur
853 233 994 287 fhedera
1007 234 1186 286 Jblverint.
1211 234 1365 275 Verum
1388 233 1440 275 fic
1458 233 1575 275 etiam

306 289 395 330 alibi
418 288 671 341 Thucydides
689 301 752 337 ea,
766 302 866 341 quae
884 288 1033 342 alioqui
1054 289 1191 329 eodem
1209 289 1423 342 pertinent,
1439 288 1484 330 δι
1496 289 1578 330 vel-

306 355 353 383 ut
373 355 554 384 connexa
583 340 670 382 sunt
683 373 695 390 ‚
716 341 890 395 separare
910 343 1073 383 videtur.
1094 342 1246 383 Snzpn.

361 395 683 450 ibid-''Ewoe42)
712 397 831 450 Apud
857 396 1097 448 Dionysium
1124 394 1478 445 Halicarnaffeum‚
1503 409 1577 438 nec

300 452 449 492 nonin
475 464 566 491 meo
592 460 670 490 vet.
702 449 910 504 exemplari
939 449 1177 504 προέγραψα
1209 450 1374 504 legitur;
1396 452 1577 503 quamvis

303 503 572 561 pleonasmum
601 503 669 543 ista
701 503 818 544 leEtio
846 504 998 544 habeat.
1035 503 1100 545 Est
1126 504 1227 545 enim
1260 503 1502 554 huiusmodi,
1531 515 1580 545 ut

305 572 358 600 eo
382 558 608 598 deleeiatum
637 557 764 598 dicere
794 558 900 598 hunc
919 557 1142 611 scriptorem
1162 558 1358 612 poffimus.
1390 558 1492 598 Nam
1523 557 1578 599 fic

304 613 347 653 in
366 613 443 654 hoc
466 613 475 652 i
506 611 548 652 so
571 611 671 652 libro
692 625 724 652 c.
746 625 796 664 29
810 642 822 659 ‚
851 611 1024 663 πρότερον
1046 612 1272 664 προεροῦντα
1290 612 1447 652 dicitur:
1470 613 1512 653 δι
1534 612 1579 652 li-

306 667 382 707 bro
417 627 537 714 VIR,
564 679 598 706 c.
627 666 704 714 66,
735 664 908 718 πρότερον
936 661 1238 715 προῦσκέπτετο.
1259 666 1367 708 Talis
1398 679 1496 707 vero
1521 666 1578 708 est

306 718 552 774 pleonasmus
579 720 621 760 δι
650 732 739 759 cum
771 719 907 759 dicitur
938 718 1074 771 aliquis
1096 717 1271 772 πρότερος
1301 722 1449 773 ἄρχειν.
1475 721 1578 761 Item

306 787 398 814 cum
421 774 507 827 ’πρὶν
521 804 534 823 ,
563 772 745 827 sequente
769 773 899 812 itidem
928 773 1054 813 verbo
1077 772 1318 826 composito,
1336 773 1439 814 illam
1467 787 1580 829 prae-

305 828 537 883 positionem
559 826 771 881 praefixam
799 827 984 874 habente3
1003 837 1049 866 ut
1074 825 1174 866 infra
1197 840 1228 866 c.
1254 827 1305 878 78
1324 828 1421 880 πρὶν
1445 828 1481 868 ἐν
1508 824 1579 868 αὖ·

306 882 362 932 τῷ
382 881 567 936 γενέσθαι
594 880 879 934 προὲιέιγνωτε.
909 881 1050 934 Neque
1076 881 1178 920 enim
1211 880 1287 921 hoc
1317 880 1578 936 bicompofito

306 934 583 989 vrposao'vyvms
605 935 663 975 uti
685 934 830 976 necesse
850 945 954 984 erat,
973 948 1063 975 cum
1082 933 1281 987 ὃιέιγνωτε
1301 933 1474 976 sufficere
1494 934 1580 989 pos-

307 990 374 1030 set.
396 990 559 1043 Alioqui
589 989 718 1029 verbo
746 989 1017 1042 προὸιάγνωτε
1039 988 1097 1028 uti
1123 988 1287 1036 volens,
1315 1000 1468 1043 poterat
1498 988 1580 1030 for·-

306 1043 399 1084 taffe
424 1043 485 1095 (fi
506 1042 592 1083 satis
611 1043 808 1096 diligenter
821 1075 834 1092 ‚
855 1056 957 1096 quae
979 1042 1025 1083 ad
1043 1043 1272 1083 brevitatem
1294 1041 1466 1091 faciunt,
1486 1056 1581 1083 con·

305 1097 524 1146 sideraffet)
549 1097 617 1138 illo
640 1108 851 1138 contentus
877 1095 976 1146 effe,
1000 1097 1040 1136 &
1069 1095 1185 1146 haec,
1207 1097 1289 1149 πρὶν
1321 1096 1357 1137 ἐν
1379 1093 1486 1147 αὐτῷ
1542 1112 1581 1139 ε-

306 1152 461 1202 νέσῧαι,
483 1153 684 1192 omittere:
707 1165 795 1191 nam
819 1149 1079 1204 bicomposito
1109 1149 1383 1204 orpoaeao'ayvme
1405 1164 1474 1205 pra
1526 1163 1581 1192 xa

306 1205 544 1261 praepositio
573 1205 694 1246 menti
722 1204 878 1246 nostrae
911 1204 1036 1246 verba
1064 1204 1128 1245 illa
1156 1203 1439 1259 repraesentare
1467 1215 1580 1259 pote-

327 1270 379 1300 at.
407 1260 456 1300 [n
489 1272 538 1300 M.

305 1274 326 1301 r
373 1271 497 1354 campl.
524 1327 562 1364 7.
582 1310 654 1353 Τοῦ
679 1309 733 1366 μέ
759 1311 891 1366 τινας)
921 1311 1145 1353 Leffionem
1171 1311 1332 1366 margini
1356 1311 1579 1367 adscriptam

307 1367 419 1408 alteri
430 1366 630 1423 praefero,
648 1380 730 1407 non
748 1365 870 1407 solum
883 1397 895 1415 ‚
917 1366 1025 1421 quod
1042 1379 1126 1406 eam
1152 1366 1359 1406 habeamus
1377 1378 1456 1407 tam
1475 1366 1579 1421 apud
1648 1367 1649 1370 ’

306 1421 579 1470 Scholiastem,
606 1434 725 1475 quam
759 1421 799 1460 in
834 1432 915 1462 vet.
947 1420 1184 1474 exemplari,
1221 1419 1283 1461 sed
1310 1421 1436 1461 multo
1464 1421 1581 1461 etiam

306 1477 428 1530 magis
442 1507 455 1526 ‚
483 1475 591 1530 quod
615 1474 877 1523 observarim‚
899 1474 1003 1515 hunc
1025 1487 1230 1514 numerum
1252 1474 1483 1528 fingularem
1510 1487 1581 1529 po-
1640 1514 1643 1515 ⁷

307 1530 407 1580 tius,
428 1543 546 1585 quam
571 1528 678 1570 illum
702 1528 910 1582 pluralem,
938 1528 1077 1570 talibus
1111 1526 1212 1568 locis
1241 1528 1423 1568 adhiberi.
1453 1529 1583 1570 IDEM.

306 1583 419 1625 Adde
432 1615 446 1633 ,
470 1596 573 1638 quae
602 1581 731 1624 scribit
756 1583 796 1623 in
819 1582 998 1637 Append.
1018 1583 1069 1623 ad
1094 1581 1229 1637 Script.
1260 1583 1307 1623 al.
1335 1583 1382 1623 de
1411 1581 1582 1624 Dialee‘c.
1638 1572 1644 1601 ἶ

306 1639 391 1680 Att.
449 1667 460 1678 .
491 1637 576 1678 181.

361 1652 446 1733 ead?
462 1693 486 1736 I.
514 1691 551 1732 8.
572 1689 636 1744 Ἐξ
653 1689 776 1744 ὅτου)
801 1689 907 1731 Cum
933 1689 1063 1742 ἑξότου
1087 1689 1195 1745 prior
1214 1689 1335 1731 editio
1354 1703 1440 1732 mea
1460 1689 1583 1731 habe-

305 1757 366 1789 ret
380 1778 392 1797 ‚
415 1746 514 1786 ficut
533 1745 575 1786 &
594 1758 695 1799 quae
712 1744 813 1784 illam
836 1743 1139 1799 praecefferunt,
1165 1744 1282 1784 malui
1303 1757 1410 1785 nunc
1433 1757 1483 1785 ex
1500 1757 1582 1785 una

305 1814 413 1842 voce
437 1801 531 1845 duas
552 1798 696 1840 faciens
709 1830 722 1848 ,
744 1797 909 1839 scribere
931 1798 974 1851 ἐξ
999 1797 1110 1847 ὅτου,
1133 1811 1223 1838 cum
1243 1798 1285 1839 δι
1303 1798 1402 1839 idem
1421 1798 1485 1839 ille
1508 1811 1582 1839 ve-

306 1865 371 1897 tus
392 1854 490 1895 liber
506 1852 725 1895 assentiatur
738 1883 750 1899 ‚
774 1853 815 1893 δι
833 1852 880 1905 ,ἐξ
900 1850 987 1892 ὅτου
1012 1851 1123 1893 sonet
1138 1852 1180 1892 ἐκ.
1201 1851 1295 1893 τίνος
1315 1851 1455 1892 αἰτίοις.
1473 1851 1584 1893 Post-

306 1923 354 1950 ea
377 1920 508 1951 autem
530 1907 571 1954 &
603 1907 708 1962 apud
737 1905 980 1960 Dionysium
1003 1905 1335 1949 Halicarnaffeum
1356 1905 1581 1961 scripturam

304 1963 406 2011 hanc
426 1962 562 2017 reperi.
582 1961 733 2002 STEPH.
782 1993 786 1998 .

360 2017 444 2072 ibini}
476 2015 545 2062 Τὴν
570 2015 641 2067 μὲν
667 2037 714 2046 -
741 2013 953 2068 πολεμεῖν)
978 2013 1070 2055 vid.
1093 2013 1148 2057 D.
1173 2014 1299 2055 Halic.
1324 2028 1363 2069 p.
1388 2026 1488 2066 134,
1506 2013 1580 2054 ubi

303 2070 375 2122 μὲν
399 2072 486 2119 οὑν;
508 2082 583 2125 pro
604 2083 645 2111 v.
664 2066 872 2123 πρόφσισιν,
893 2067 1020 2109 αἰτίαν
1038 2068 1153 2109 male:
1173 2068 1260 2108 dein
1277 2066 1388 2121 λόγῳ
1409 2067 1456 2107 st
1481 2066 1582 2116 ἁφα-

303 2124 515 2171 νεστάτην;
544 2135 619 2177 pro
650 2121 850 2176 ἧγρῦμαι,
880 2124 1016 2174 οἴομαι.
1045 2121 1260 2164 Posituram
1282 2120 1431 2176 semper
1460 2120 1583 2176 negli-

301 2188 405 2238 gunt
428 2179 469 2219 in
495 2176 553 2220 his
573 2177 682 2217 libris
701 2177 935 2238 Sylburgjus
961 2177 1003 2218 δι
1016 2174 1243 2219 Hudsonus.
1267 2175 1413 2216 WASS.

360 2235 436 2276 ead.
452 2232 480 2274 l.
505 2244 543 2284 9.
566 2230 786 2284 Πρόφασιν)
812 2229 1031 2282 Dionysius
1056 2229 1248 2275 Halicarn.
1278 2228 1319 2270 in
1338 2233 1581 2269 commenta-1

304 2284 414 2333 tiolo
445 2285 492 2330 de
511 2284 760 2336 *Thucydidis
785 2284 997 2334 idiomatis,
1023 2296 1097 2338 pro
1129 2295 1231 2324 voce
1252 2281 1440 2336 πρόφασιν
1463 2281 1580 2323 aliam

304 2338 575 2393 synonymam
609 2337 748 2385 habet,
772 2337 950 2379 videlicet
974 2337 1125 2379 αἰτίανε
1153 2336 1253 2378 ficut
1282 2336 1326 2377 &
1350 2350 1424 2392 pro
1453 2336 1583 2378 verbo

306 2390 482 2448 ὁγοῦμοιι
504 2391 541 2433 le
567 2392 646 2433 'tur
671 2391 774 2454 apud
800 2404 891 2434 eum
916 2390 1064 2444 οἴομαι,
1089 2391 1197 2460 quod
1220 2391 1352 2432 itidem
1378 2390 1434 2431 illi
1459 2388 1582 2443 syno-

304 2460 482 2504 pymum
507 2405 583 2498 είέ
616 2458 817 2499 novimus.
841 2444 929 2490 Nec
951 2457 1037 2489 non
1064 2456 1172 2501 Ληῳ
1200 2444 1247 2487 ἑὲ
1284 2444 1581 2497 ἀφανεστάτην,

1624 2331 1635 2343 's

1627 2346 1651 2380 »ιρι

1628 2380 1630 2383 ,
1644 2370 1649 2380 ι

1629 2488 1646 2522 2⁴3,
1623 2381 1659 2470 ‘RQ
