1670 3094
298 186 384 236 128
581 185 1273 236 THUCYDIDIS

295 287 421 337 θοντο,
447 275 519 332 <lm
541 284 698 343 φιλίων
723 281 864 332 αὐτοῦ
885 305 963 334 των
985 272 1031 332 cle
1053 280 1209 334 ἄλλων
1228 277 1561 354 ἀφικνουμένων,

294 382 373 412 και
402 356 564 420 σοοφως
597 354 929 431 κατηγορούντων
959 354 1020 409 ὁτι
1053 362 1288 422 τειχίζεταί
1309 380 1354 410 τε
1365 371 1460 411 και
1492 358 1565 421 ηὸη

295 435 405 502 ὕψος
427 432 679 505 λαμβάνει,
702 436 778 486 οὐκ
799 442 908 497 εἰχον
927 432 1041 492 ὅπως
1060 457 1142 507 χρη
1161 434 1420 495 ἀπιστησοιι.
1441 457 1565 501 γνους

298 503 373 566 ὃε’
363 533 506 568 εκεινος
529 506 694 562 κελεύει
720 506 869 568 αὐτους
890 533 952 579 μη
978 510 1127 576 λογοις
1148 514 1327 582 μαλλον
1354 512 1564 584 παράγε-

299 589 479 642 σθαι,
468 611 492 647 η
474 579 697 657 πέμψαι
725 584 849 648 σφων
869 585 1005 639 αὐτων
1035 586 1185 659 ἄνδρας
1212 587 1346 646 σἰτινες
1370 610 1565 660 χρηστοι,

298 688 377 718 κοιι
399 685 564 721 πιστως
588 661 895 726 ἀναγγελοῧσι
915 659 1196 732 σκεψάμενοι.
1225 661 1568 717 ἀποστέλλουσιν

299 737 377 795 οὐν·
399 763 476 791 nou
494 761 587 812 περι
608 736 742 790 αὐτων
761 740 780 787 ὁ
801 736 1113 829 Θεμιστοκλης
1129 740 1211 796 τοῖς
1228 739 1450 799 Ἀθηναίοις
1467 736 1566 813 κρό-

302 829 380 881 φοι
397 813 587 909 πέμπει,
608 810 790 866 κελεύων
808 814 864 872 ὡς
886 836 1045 874 ηκιστοο
1063 813 1284 878 :en-avam«,-
1298 837 1567 879 κοιτασχειν,

301 918 380 947 mu
399 918 460 965 μη
479 894 656 954 ἀφεινοοι
680 912 772 963 πριν
796 882 848 942 ἀν
870 887 986 942 αὐτοι
1013 890 1154 943 πάλιν
1181 890 1467 962 κομισθωσιν.
1497 889 1569 953 ηὸη

303 993 399 1038 yde
426 992 504 1022 κοιι
535 963 628 1030 {mov
656 966 774 1038 αὐτῷ
792 971 826 1017 οἱ
845 963 1156 1040 ξυμπρέσβεις,
1183 966 1453 1040 Ἀβρωνυχος
1475 989 1522 1019 τε
1547 970 1568 1018 ὁ

302 1041 595 1103 Λυσικλεους,
623 1040 701 1095 καὶ
731 1047 741 1061 ’
779 1043 1022 1136 ριστωειμὸης
1006 1067 1025 1094 ο
1054 1043 1378 1134 Λυσιμάχου,
1381 1041 1569 1109 ἀγγέλ-

303 1138 443 1182 λοντες
462 1119 571 1186 ἔχειν
589 1116 741 1178 ἱκανως
758 1143 803 1171 το
822 1142 974 1183 τειχος.
996 1121 1194 1183 ἐφοβειτο
1212 1141 1306 1188 γαρ
1323 1142 1386 1189 μη
1404 1125 1438 1174 οἱ
1459 1120 1569 1172 Λα.-

304 1198 554 1272 κεὸοιιμόνιοι
590 1198 719 1262 σφοος
736 1233 750 1254 ,
786 1194 911 1249 ὁπότε
955 1194 1115 1261 σοοφως
1149 1193 1402 1253 ἀκούσειαν,
1436 1191 1569 1248 οὐκετι

358 1353 465 1396 XCI.
493 1354 554 1395 Illi
570 1367 670 1396 vero
681 1385 694 1404 ,
712 1368 803 1396 cum
821 1354 917 1395 haec
933 1354 1131 1404 audirent,
1145 1351 1399 1394 Themistocli
1416 1350 1571 1407 quidem

307 1426 422 1468 fidem
444 1426 657 1476 habebant,
677 1437 835 1482 propter
855 1427 1085 1476 amicitiam,
1099 1438 1199 1480 quae
1217 1425 1304 1480 ipfis
1323 1438 1415 1466 cum
1434 1423 1526 1464 illo
1517 1436 1573 1463 in-

302 1495 454 1537 terced
437 1495 539 1535 ozbat
561 1493 623 1535 sed
643 1508 733 1536 cum
748 1494 812 1536 alii
827 1496 1031 1546 venirent,
1049 1495 1091 1536 &
1105 1505 1236 1550 aperte
1249 1505 1478 1549 arguerent,
1492 1507 1575 1534 mu-

303 1580 371 1608 ros
395 1565 605 1615 aedificari,
635 1576 753 1620 atque
777 1565 876 1606 adeo
906 1566 986 1605 iam
1010 1565 1190 1606 sublimes
1215 1564 1315 1616 effe,
1341 1564 1467 1606 facere
1489 1576 1574 1605 non

301 1646 507 1692 poterant,
527 1636 622 1690 quin
640 1636 850 1678 crederent.
876 1635 1003 1690 Quod
1022 1651 1112 1679 cum
1128 1636 1191 1678 ille
1211 1634 1472 1685 intellexiffet,
1490 1634 1573 1677 sua-

305 1706 352 1747 fit
371 1705 482 1762 ipsis,
502 1719 552 1747 ne
571 1706 703 1747 verbis
725 1705 764 1747 se
793 1706 875 1746 falli
905 1718 1156 1763 paterentur3
1178 1709 1241 1751 sed
1262 1711 1393 1766 potius
1413 1710 1461 1751 de
1481 1708 1572 1750 suo-

302 1792 392 1819 rum
422 1778 570 1820 civium
597 1790 785 1828 numero,
816 1778 1019 1832 probitatis
1053 1779 1219 1835 fideique
1249 1779 1437 1835 spenatae
1461 1781 1574 1823 viros

306 1848 481 1888 Athenas
504 1846 725 1897 mitterent,
751 1848 818 1902 qui
843 1861 926 1888 rem
954 1848 1154 1903 diligenter
1182 1849 1410 1905 inspectam,
1435 1865 1480 1893 ac
1501 1865 1571 1892 ex-

304 1916 498 1970 ploratam
511 1947 523 1966 ,
549 1914 711 1957 fideliter
741 1916 1016 1958 renuntiarent.
1041 1917 1101 1958 Illi
1130 1918 1250 1974 igitur
1273 1918 1348 1960 hos
1377 1918 1570 1962 miserunt.

306 1983 586 2024 Themistocles
615 1997 716 2025 vero
748 1984 1044 2026 Atheniensibus
1077 1986 1220 2027 horum
1256 1986 1470 2028 adventum
1505 2001 1574 2043 per

307 2054 466 2094 nuntios
488 2054 586 2095 clam
609 2054 860 2109 significavit,
888 2055 1066 2106 suadens,
1089 2066 1154 2105 ut,
1180 2069 1296 2110 quam
1322 2056 1574 2099 occultiffime

307 2123 473 2180 poss'ent,
496 2137 566 2164 eos
595 2124 822 2174 retinerent,
846 2138 974 2178 neque
997 2124 1251 2176 dimitterent,
1273 2135 1479 2181 antequam
1502 2126 1573 2182 ipfi

308 2194 470 2234 domum
492 2192 692 2234 rediiffent.
717 2194 827 2245 (Iam
843 2194 945 2235 enim
966 2195 1052 2235 eius
1071 2195 1184 2235 etiam
1203 2195 1374 2250 collegae
1389 2195 1436 2236 ad
1450 2195 1576 2251 ipsum

309 2274 524 2314 venerant,
555 2262 827 2317 Abronychus
854 2262 1015 2317 Lyficlis
1028 2295 1040 2315 ,
1067 2265 1109 2305 &
1138 2264 1321 2306 Aristides
1352 2264 1575 2318 Lysimachi

310 2333 434 2384 filius,
456 2330 613 2374 murum
638 2332 716 2372 iam
741 2331 828 2373 satis
846 2334 965 2374 altum
989 2332 1064 2374 effe
1084 2332 1351 2387 nuntiantes)
1371 2332 1577 2373 Metuebat

309 2405 437 2456 enim,
457 2417 505 2446 ne
517 2404 836 2454 Lacedaemonii,
850 2404 916 2444 ubi
935 2415 1017 2444 rem
1035 2402 1148 2458 plane
1168 2401 1398 2445 rescivissent
1410 2433 1422 2452 ,
1437 2401 1476 2444 se
1495 2416 1577 2444 non

309 2475 476 2533 amplius
495 2475 738 2519 dimitterent.
752 2473 1004 2529 Athenienses
1017 2474 1134 2530 igitur
1153 2474 1302 2530 legatos
1317 2475 1573 2528 retinuerunt,
