1670 3094
288 135 380 199 3fi
491 103 1364 189 ANNOTATIONES

283 224 446 264 tandum
473 224 638 265 videtur.
667 225 836 267 Diodor.
869 226 984 268 Sicul.
1017 228 1073 269 XI
1087 260 1099 278 ‚
1122 243 1224 281 272:
1245 230 1382 285 Σκύρον
1398 231 1470 283 δὲ,
1489 229 1566 275 Πσὲ·

285 276 451 331 λεια-’γῶν
483 278 711 320 {vennam-mv
732 281 800 320 καὶ
826 282 1032 330 Δολόπων,
1062 282 1363 337 ἐξεπολιόρκησε·
1387 287 1453 327 καὶ
1485 287 1568 327 κτί-

286 346 381 372 στην
414 332 600 373 Ἀθηναῖον
631 332 915 382 κοιταστῦσοις,
951 337 1297 391 κατεκληρούχησε
1326 339 1392 380 τὴν
1413 341 1564 394 χώραν.

287 384 412 426 Corn.
441 386 544 441 Nep.
580 387 680 428 Cim.
706 402 752 428 2:
777 393 924 443 Scyrum
955 412 1001 420 —
1036 390 1222 443 vacueficit
1232 408 1251 440 ;
1270 392 1410 445 skſjbres
1441 407 1566 435 veteres

286 440 367 478 urbe
387 440 562 494 infidaque
580 443 692 482 eiecit:
710 455 810 494 agros
831 444 965 482 civibus
985 444 1113 496 divisit.
1129 446 1220 488 Hoc
1240 447 1314 495 est,
1332 447 1439 500 quod
1452 448 1566 489 Thu-

284 493 444 546 cydides
462 494 576 544 dicit,
596 495 734 548 Σκύρον
756 495 896 545 ᾤκισαν
918 495 1191 548 Athenienses,
1220 500 1317 541 duce
1342 501 1527 542 Cimone.

342 547 434 602 Pag.
473 548 561 601 138.
585 549 610 588 l.
635 550 672 588 6.
688 548 890 603 Ἔκέειοιι)
916 549 1116 602 Quamvis
1142 553 1218 593 alia
1238 555 1477 609 exemplaria
1506 555 1567 596 ἔκ,-

288 598 395 641 sam
408 631 419 649 ,
444 601 516 641 alia
538 599 678 642 ’e'vseme
702 601 890 651 habeant,
912 603 1136 646 Scholiastes
1156 617 1286 648 tamen
1308 622 1491 663 magnum
1509 611 1569 650 in-

283 664 346 694 ter
376 654 474 695 haec
503 655 583 696 duo
599 655 799 697 discrimen
818 656 968 698 statuit:
997 658 1060 698 sed
1082 659 1128 700 de
1150 674 1233 714 quo
1261 662 1317 702 illi
1336 675 1419 703 non
1441 663 1569 704 affen-

286 708 388 756 tior,
406 719 452 748 ut
473 710 579 763 apud
600 723 689 750 eum
713 710 801 750 dixi.
827 711 980 751 STEPH.
999 713 1134 754 Altera
1153 714 1420 770 interpretatio
1438 717 1565 759 Scho-

279 761 421 803 liastae
435 792 447 811 ,
466 762 695 816 ἀπολείψεις
708 796 721 813 ,
744 763 919 806 ἀτέλειαι
942 765 1035 807 huic
1057 767 1149 808 loco
1171 770 1370 810 convenit.
1383 763 1565 822 ’'Euhion,

288 817 431 869 inopia,
453 819 622 870 penuria,
650 818 712 859 hic
740 817 873 859 locum
899 833 980 860 non
1003 821 1130 862 habet.
1144 822 1307 863 'Enseu
1335 834 1464 865 autem
1487 826 1568 877 est,

289 882 382 910 cum
435 871 498 911 uis
515 883 597 912 non
622 882 752 912 totum
781 871 901 913 solvit
915 905 928 924 ,
946 888 1064 928 quam
1089 875 1382 930 reliquationem
1405 891 1564 920 vocant.

290 923 386 965 Vid.
440 925 519 964 uid.
544 926 584 964 in
607 923 763 974 ἔκδεια,
787 927 916 968 vales.
944 929 992 968 ad
1018 930 1254 984 Harpocrat.
1279 932 1318 971 h.
1344 945 1386 971 v.
1418 933 1462 974 δι
1484 933 1567 974 Sal-

289 977 385 1018 mas.
405 979 452 1019 de
474 979 589 1020 Mod.
615 979 731 1021 Usur.
751 994 787 1033 p.
811 995 902 1044 7135
931 982 1015 1023 Cur
1037 983 1165 1037 Steph.
1186 986 1230 1026 &
1252 985 1356 1026 Port.
1380 988 1568 1028 verterint
1651 1010 1653 1014 .

291 1033 498 1073 eiurationes
528 1035 725 1074 tributorum
747 1035 784 1074 6·
811 1050 952 1076 navzum
965 1066 978 1085 ‚
1000 1050 1083 1078 non
1107 1038 1294 1093 intelligo.
1318 1040 1437 1081 Valla
1462 1041 1570 1082 secu-

276 1095 355 1126 ·tus
379 1085 434 1126 est
457 1087 616 1127 alteram
644 1087 889 1143 scripturam:
917 1103 1008 1130 nam
1036 1093 1178 1144 vertit,
1204 1094 1404 1134 tributorum
1422 1097 1567 1146 penuria

291 1141 510 1195 naviumque.
533 1141 598 1182 De
621 1144 901 1197 λειποστριιτίῳ
925 1145 1021 1185 ΡΟῙΙ.
1042 1146 1167 1197 VIII,
1189 1160 1254 1196 40.
1280 1148 1488 1189 Herodoto
1510 1150 1570 1200 V,

296 1209 349 1247 27
372 1194 428 1234 est
453 1196 750 1250 λειποστρειτίοι.
771 1197 849 1238 vid„
876 1198 1022 1239 Thom.
1046 1201 1153 1254 Mag.
1176 1201 1216 1241 in
1241 1201 1498 1254 λειποτάξιον.

349 1251 425 1288 ead.
449 1249 476 1288 l.
505 1263 564 1298 14.
583 1250 671 1290 Ἀπ’
692 1251 821 1300 oi'nov)
844 1252 983 1293 Malim
1002 1254 1073 1293 ἄπ’
1092 1254 1155 1295 hic
1177 1255 1306 1302 scribi,
1321 1265 1366 1296 ut
1386 1256 1453 1297 vel
1472 1256 1570 1298 haec

294 1300 480 1356 scriptura
502 1316 643 1344 vocem
662 1305 764 1345 illam
786 1318 868 1346 non
887 1320 962 1361 pro
984 1306 1087 1355 ἀπὸ,
1114 1308 1175 1349 sed
1200 1322 1274 1364 pro
1293 1309 1372 1349 ἄπο
1395 1309 1471 1350 effe
1493 1324 1567 1365 po-

295 1355 406 1396 fitam
434 1356 605 1398 testetur.
627 1359 683 1399 Ut
710 1370 839 1400 autem
853 1360 919 1401 hic
946 1374 1020 1416 pro
1034 1362 1216 1403 militandi
1231 1364 1472 1404 immunitate
1486 1394 1498 1411 ‚
1512 1366 1567 1406 ita

351 1465 444 1519 Pag.
473 1478 559 1518 139.
585 1468 610 1506 l.
637 1467 664 1507 6

296 1531 384 1573 pag.
413 1533 500 1568 142.
523 1522 669 1561 WAss.

294 1411 338 1451 δι
361 1424 435 1464 pro
456 1412 667 1466 navigandi
685 1415 873 1507 Fecuniae
896 1415 1115 1468 penduntur
1135 1416 1248 1471 supra
1269 1430 1303 1458 c.
1330 1432 1392 1468 27.
1412 1419 1566 1460 STEPH.
1642 1422 1647 1474 j

701 1481 765 1522 qq.
794 1469 967 1522 Ἐγένετο
995 1492 1041 1500 -
1065 1469 1299 1524 διακοσίοις)
1328 1470 1452 1512 Dion.
1477 1472 1569 1514 Hal.

351 1573 435 1612 ibid.
458 1569 729 1628 Εὖρυμέθοντι)
751 1575 902 1616 Locum
922 1588 1113 1618 memorat
1131 1577 1174 1618 &
1192 1591 1255 1620 res
1273 1578 1394 1633 gestas
1411 1580 1571 1635 Harpo-
1645 1614 1648 1619 .

297 1628 466 1667 cration«
491 1629 622 1669 retulit
644 1630 691 1669 ad
717 1642 864 1670 annum
887 1630 948 1671 IV
982 1631 1210 1674 Artaxerxis
1237 1632 1374 1674 Euseb.
1402 1633 1572 1690 Olymp-

297 1680 491 1731 LXXIX,
518 1698 555 1732 4.
575 1683 703 1723 IDEM,

353 1738 429 1775 ead.
454 1735 479 1774 l.
502 1749 560 1776 11.
584 1737 704 1791 Χρόνῳ
728 1735 773 1776 sk
798 1732 922 1792 ὅστ.)
947 1738 1152 1780 Diodorus
1170 1752 1252 1780 non
1272 1741 1459 1781 convenit
1478 1754 1569 1782 cum
1636 1742 1639 1743 ⁷

296 1788 534 1841 Thucydide
547 1791 593 1831 de
607 1803 785 1853 tempore
804 1792 921 1833 huius
935 1792 1168 1834 Thafiorum
1187 1793 1411 1834 defectionis
1420 1825 1433 1844 ,
1448 1809 1568 1849 quam

298 1842 555 1895 Thucydides
580 1857 690 1899 ponit
719 1856 927 1900 antequam
951 1847 976 1888 S
1006 1858 1086 1887 arta
1118 1859 1243 1889 terrae
1274 1848 1447 1889 motibus
1473 1862 1568 1890 con·
1646 1867 1647 1870 ¹

297 1907 517 1947 emeretur,
538 1898 740 1940 Diodorus
765 1911 894 1940 autem
916 1915 969 1956 po
1023 1911 1148 1943 terrae
1171 1912 1336 1944 motum.
1361 1902 1570 1945 palmerius
1649 1923 1660 1940 -ι

299 1950 614 1993 Exercitationib.
633 1967 670 2007 p.
701 1967 784 2006 109.
808 1955 948 1995 Huns.

355 2008 429 2044 ead.
453 2006 476 2044 l.
509 2019 566 2046 12.
594 2007 789 2057 Θασίους)
817 2009 907 2049 Vid.
926 2008 1154 2062 Syncellum
1172 2011 1289 2058 4064.
1315 2009 1474 2052 Aristot.
1494 2011 1570 2052 Hi·
1636 2053 1638 2058 ⁸

277 2080 281 2084 ν
300 2056 394 2098 stor.
416 2059 493 2098 An.
531 2061 615 2113 136.
634 2061 828 2114 Motrayii
850 2076 994 2104 numus
1021 2063 1122 2103 Tab.
1141 2063 1277 2105 XXIX
1301 2069 1488 2106 ΘΑΣΙΟΝ.
1509 2065 1569 2104 Ita
1635 2071 1638 2087 ¹

299 2110 471 2152 scribunt
493 2113 686 2155 Herodot.
707 2116 869 2166 Strabo,
886 2116 1152 2158 Archestratus
1171 2117 1463 2170 Γαστερονομίει,
1490 2119 1569 2158 He-

300 2178 446 2219 gemon
467 2166 651 2217 Thafius‚
665 2170 733 2222 qui
751 2170 904 2210 Cratini
923 2182 1099 2225 tempore
1117 2171 1268 2220 floruit,
1292 2171 1455 2224 Scylax,
1474 2172 1570 2226 Hip-

299 2232 410 2273 pocr.
430 2219 589 2261 Pausan.
611 2222 841 2276 Apollodor.
862 2225 920 2264 M.
941 2225 1193 2272 Heracleota‚
1215 2224 1383 2266 Diodor.
1401 2225 1570 2278 Polyae-
1646 2230 1648 2234 '

301 2286 379 2314 nus
396 2304 409 2323 ,
440 2273 740 2329 Aristophanes,
767 2277 824 2318 Pl.
855 2276 1030 2318 Galenus
1060 2279 1178 2318 Tom.
1209 2278 1269 2326 11,
1301 2278 1396 2332 358,
1421 2278 1572 2320 Plutar·

302 2327 398 2367 chus
426 2327 575 2378 Bruto,
600 2328 770 2382 Dionys.
787 2330 929 2384 Perieg.
952 2331 1083 2372 Schol.
1107 2333 1271 2372 Homeri
1291 2332 1368 2372 Od.
1393 2333 1440 2382 κ’,
1467 2346 1568 2387 235,
1630 2387 1631 2390 Ἴ

302 2380 453 2422 Chron.
481 2382 675 2432 paschale,
699 2383 878 2425 Clemens
898 2383 1012 2425 Alex.
1043 2386 1238 2425 Zenobius
1264 2388 1364 2439 apud
1390 2386 1570 2435 Suidam,
1626 2434 1627 2437 Ἴ

275 2434 520 2489 ΔΗεΐγιῑὶιίιιε
551 2437 690 2480 Θάσιος
723 2436 821 2479 παῖς
847 2439 1163 2493 Ἀγλαοφῶντοςς
1195 2437 1258 2480 sed
1282 2439 1570 2495 ibilegendum
1627 2454 1631 2455 ’

1660 0 1670 57 3
