1670 3094
288 245 348 280 20
575 228 1312 278 THUCYDIDIS'

285 322 383 377 ἄνευ
405 325 608 391 λῃστείας
629 346 707 375 και
727 328 945 397 γεωργίας
967 324 1147 388 Ξυνεχως
1168 349 1234 378 τον
1259 324 1449 398 πολεμον
1473 322 1552 380 διε-

283 411 424 473 Φερον,
444 394 639 491 fiqecilwq'
611 422 663 453 αν
681 399 813 470 μάχη
838 423 1080 471 κρατουντες
1106 399 1223 456 εἷλον
1253 401 1345 467 οἳγε
1368 426 1448 456 και
1478 407 1555 455 οὐκ

279 474 434 548 ἀθροοι,
458 471 596 547 ἀλλα
619 472 732 548 μέρει
754 499 815 527 τω
835 474 902 527 οὶει
930 477 1219 570 παρατυχόντι
1242 481 1443 542 αντεῖχον.
1467 503 1552 532 πο-

283 557 454 648 λιορκιά
482 552 525 602 δ’
552 546 604 603 ἂν
627 550 1065 641 προσ-καθεζόμενοι,’
1053 574 1090 605 εν
1118 551 1325 606 ἒλασσονί
1345 576 1391 606 τε
1418 576 1554 627 χρονῳ

280 651 359 681 και
388 626 657 718 απονωτερον
667 651 737 687 την
748 627 915 719 Τροίαν
947 626 1066 680 εἷλον.
1101 625 1238 680 αλλέο
1265 630 1313 680 δι’
1341 634 1552 723 ἀχρημα-

279 710 393 758 τίαν,
423 727 484 755 τα
510 725 555 754 τε
583 726 662 775 προ
690 699 840 755 τούτων
866 698 1092 764 οἷο-θενη
1067 707 1129 763 ἣν,
1161 726 1239 755 και
1268 705 1386 756 αὐτά,
1414 727 1472 771 γε
1500 699 1551 768 δη

279 780 426 832 ταῦτα
461 777 786 849 ὀνομαστότατα
818 802 896 831 των
938 802 1030 851 πριν
1065 778 1272 850 γενόμενα
1290 817 1303 836 ,
1346 780 1549 842 δηλοῦται

276 859 358 914 τοῖς
391 852 525 927 ἔργοις
557 850 893 946 ὑποδεέστερα
865 877 963 907 οντα
986 879 1057 916 της
1082 854 1253 926 φημης,
1284 879 1363 908 και
1386 881 1458 909 του
1485 857 1550 910 νῧν

273 954 367 1005 περι
390 934 524 982 αὐτων
543 927 616 981 δὶα
632 954 725 988 τους
742 953 922 991 ποιητας
943 929 1079 995 λογου
1104 931 1436 996 κατεσχηκότος.

351 999 427 1069 ιβ.
467 1002 592 1059 Emi
624 1028 703 1057 και
741 1028 863 1076 μετα
901 1029 963 1058 τα
1000 1003 1237 1098 Tpcoi‘noe‘
1216 1033 1239 1070 η
1274 1004 1514 1066 Ελλας
1486 1031 1546 1061 ετι

274 1081 566 1173 μετανίστατὸ
582 1104 629 1135 τε
647 1105 725 1134 και
749 1084 1065 1153 μετῳκιμζετο,
1046 1105 1155 1135 com-e
1174 1095 1238 1154 μὴ
1265 1083 1546 1147 ἦσυχοὶο-ασα

274 1157 540 1223 αυξηθηναι.
526 1180 595 1220 ητε
622 1180 715 1226 γαρ
734 1180 1004 1250 αναχωρησις
1024 1183 1102 1212 των
1121 1156 1335 1220 Ελλῆνων
1354 1161 1399 1223 ἐξ
1416 1160 1543 1213 Ἰλίου

271 1241 416 1308 χρονία
450 1231 642 1306 γενομένη
672 1230 837 1286 πολλα
872 1233 1147 1305 ὲνεῶχμωσε,
1185 1257 1264 1287 και
1299 1235 1476 1294 στάσεις
1506 1237 1545 1290 ἒν

272 1335 367 1370 ταις
389 1310 567 1365 πόλεσιν
588 1312 645 1369 ὡς
664 1306 854 1363 ἒπιπολυ
881 1311 1113 1376 ἐγίγνοντω
1133 1312 1220 1376 αφ’
1238 1306 1290 1364 ὧν
1316 1313 1543 1366 ἐκπίπτον-

263 1458 538 1513 frequentibus
573 1468 624 1499 eo
653 1456 830 1508 iviss'ent‚
861 1456 942 1498 fine
975 1456 1184 1498 latrocinio
1224 1456 1269 1497 δι
1301 1457 1538 1511 agricultura

265 1527 414 1569 bellum
442 1527 685 1569 continenter
711 1526 898 1582 geffiffent
911 1559 924 1577 ‚
950 1527 1116 1568 Troiam
1142 1526 1297 1582 proelio
1318 1526 1540 1582 superiores

266 1598 378 1640 facile
400 1597 606 1653 cepiffent:
635 1597 823 1653 fiquidem
853 1598 958 1639 haud
991 1597 1256 1652 frequentibus
1294 1598 1445 1652 copiis,
1474 1598 1538 1640 sed

261 1669 430 1723 quadam
456 1669 652 1709 exercitus
677 1678 811 1723 parte,
832 1681 934 1723 quae
957 1667 1060 1709 forte
1082 1667 1231 1723 semper
1257 1666 1409 1723 praesto
1431 1678 1537 1719 erat,

262 1738 447 1780 Troianis
479 1738 712 1779 resistebant.
747 1737 876 1792 Quod
899 1738 928 1778 fi
959 1738 1123 1779 Troiam
1156 1738 1303 1780 affidua
1334 1737 1536 1781 obsidione

259 1810 492 1865 pressiffent3
513 1811 554 1851 δι
576 1811 691 1852 citius
710 1811 754 1851 &
777 1810 918 1850 minori
941 1821 1030 1850 cum
1053 1808 1187 1850 labore
1210 1822 1296 1850 eam
1318 1806 1534 1864 expugnas·

260 1880 357 1922 sent.
380 1882 453 1924 Sed
475 1892 638 1937 propter
657 1882 912 1937 pecuniarum
938 1881 1111 1936 inopiam
1124 1912 1136 1931 ‚
1159 1881 1202 1922 δι
1224 1893 1325 1938 quae
1345 1891 1435 1922 ante
1454 1879 1533 1923 hoe

258 1950 403 1993 bellum
427 1951 531 2007 gesta
555 1951 669 2002 sunt,
699 1951 874 1993 invalida
905 1950 1090 2002 fuerunt3
1113 1952 1155 1993 δι
1180 1951 1277 1994 haec
1302 1950 1407 2007 ipsa,
1430 1964 1532 2007 quae

255 2020 434 2063 omnium
455 2020 701 2077 superiorum
721 2020 810 2062 sunt
832 2020 1102 2070 celeberrima,
1123 2033 1167 2062 re
1187 2019 1266 2076 ipsa
1285 2021 1528 2075 comperiun-

251 2100 317 2130 tur
344 2087 531 2130 inferiora
563 2087 690 2139 fama,
712 2088 756 2130 δι
787 2101 947 2131 rumore
974 2089 1021 2129 de
1049 2087 1137 2144 ipfis
1165 2087 1317 2144 sparso,
1335 2088 1404 2144 qui
1428 2101 1528 2144 pro-

255 2170 344 2216 pter
362 2163 498 2215 poetas
522 2161 701 2203 invaluit.

305 2229 410 2270 XII.
439 2230 541 2270 Nam
562 2230 628 2272 vel
646 2229 732 2284 post
753 2242 814 2270 res
834 2229 883 2270 ad
903 2229 1065 2270 Troiam
1088 2229 1210 2284 gestas
1234 2229 1381 2272 Graeci
1400 2230 1525 2273 adhuc

249 2296 331 2337 alio
354 2297 570 2351 migrabant
582 2328 594 2347 ,
610 2296 788 2352 sedesque
809 2295 896 2337 suas
920 2297 1226 2347 transferebant,
1246 2298 1299 2338 ita
1318 2308 1363 2339 ut
1382 2311 1522 2339 eorum

248 2379 347 2421 opes
369 2379 439 2422 per
463 2367 591 2407 otium
616 2379 697 2407 non
721 2366 926 2407 creverint.
954 2367 1055 2407 Nam
1078 2367 1119 2408 δι
1146 2365 1251 2408 serus
1273 2367 1519 2409 Graecorum

246 2433 391 2476 reditus
412 2435 462 2476 ab
480 2434 556 2476 Ilio
579 2447 640 2475 res
662 2435 805 2475 multas
830 2435 1065 2485 innovavit,
1091 2435 1133 2475 &
1157 2435 1247 2475 ideo
1268 2435 1307 2475 in
1331 2435 1519 2491 plerisque

246 2503 469 2546 civitatibus
501 2514 664 2546 exortae
687 2503 773 2545 sunt
805 2502 1030 2555 seditiones,
1053 2503 1108 2546 ob
1133 2517 1229 2559 quas
1255 2503 1305 2545 illi
1321 2536 1332 2555 ‚
1351 2506 1420 2560 qui
1444 2505 1518 2547 suis
