<?xml version="1.0" encoding="UTF-8"?>
<!DOCTYPE html PUBLIC "-//W3C//DTD XHTML 1.0 Transitional//EN"
    "http://www.w3.org/TR/xhtml1/DTD/xhtml1-transitional.dtd">
<html xmlns="http://www.w3.org/1999/xhtml" xml:lang="en" lang="en">
 <head>
  <title>
</title>
<meta http-equiv="Content-Type" content="text/html;charset=utf-8" />
  <meta name='ocr-system' content='tesseract 3.04.00' />
  <meta name='ocr-capabilities' content='ocr_page ocr_carea ocr_par ocr_line ocrx_word'/>
</head>
<body>
  <div class='ocr_page' id='page_1' title='image "./debellopeloponn01thucuoft_0084.png"; bbox 0 0 1670 3094; ppageno 0'>
   <div class='ocr_carea' id='block_1_1' title="bbox 273 214 1330 264">
    <p class='ocr_par' dir='ltr' id='par_1_1' title="bbox 273 214 1330 264">
     <span class='ocr_line' id='line_1_1' title="bbox 273 214 1330 264; baseline 0.001 -2"><span class='ocrx_word' id='word_1_1' title='bbox 273 226 450 262; x_wconf 74' lang='lat' dir='ltr'>Lxxrv</span> <span class='ocrx_word' id='word_1_2' title='bbox 546 214 873 263; x_wconf 83' lang='lat' dir='ltr'><em>NOTITIA</em></span> <span class='ocrx_word' id='word_1_3' title='bbox 916 215 1330 264; x_wconf 81' lang='lat' dir='ltr'><em>LITERARIA</em></span> 
     </span>
    </p>
   </div>
   <div class='ocr_carea' id='block_1_2' title="bbox 219 320 1564 2071">
    <p class='ocr_par' dir='ltr' id='par_1_2' title="bbox 219 320 1564 2071">
     <span class='ocr_line' id='line_1_2' title="bbox 272 320 1540 384; baseline 0.002 -17"><span class='ocrx_word' id='word_1_4' title='bbox 272 320 500 368; x_wconf 87' lang='lat' dir='ltr'>carnaffeo</span> <span class='ocrx_word' id='word_1_5' title='bbox 515 356 529 380; x_wconf 89' lang='lat'>,</span> <span class='ocrx_word' id='word_1_6' title='bbox 561 323 646 368; x_wconf 83' lang='lat' dir='ltr'>nisi</span> <span class='ocrx_word' id='word_1_7' title='bbox 668 324 745 369; x_wconf 90' lang='lat' dir='ltr'>hic</span> <span class='ocrx_word' id='word_1_8' title='bbox 768 324 912 384; x_wconf 86' lang='lat' dir='ltr'>paulo</span> <span class='ocrx_word' id='word_1_9' title='bbox 943 323 1230 384; x_wconf 82' lang='lat' dir='ltr'>iniquiorem</span> <span class='ocrx_word' id='word_1_10' title='bbox 1256 323 1302 369; x_wconf 90' lang='lat' dir='ltr'>se</span> <span class='ocrx_word' id='word_1_11' title='bbox 1324 321 1540 369; x_wconf 80' lang='lat' dir='ltr'>ostende-</span> 
     </span>
     <span class='ocr_line' id='line_1_3' title="bbox 270 394 1544 459; baseline 0.001 -19"><span class='ocrx_word' id='word_1_12' title='bbox 270 405 366 450; x_wconf 81' lang='lat' dir='ltr'>ret,</span> <span class='ocrx_word' id='word_1_13' title='bbox 386 394 697 456; x_wconf 84' lang='lat' dir='ltr'>criticumque</span> <span class='ocrx_word' id='word_1_14' title='bbox 722 398 956 442; x_wconf 87' lang='lat' dir='ltr'>calamum</span> <span class='ocrx_word' id='word_1_15' title='bbox 978 398 1029 442; x_wconf 87' lang='lat' dir='ltr'>in</span> <span class='ocrx_word' id='word_1_16' title='bbox 1051 396 1290 443; x_wconf 65' lang='lat' dir='ltr'>aufiorem</span> <span class='ocrx_word' id='word_1_17' title='bbox 1312 396 1544 459; x_wconf 81' lang='lat' dir='ltr'>probatis-</span> 
     </span>
     <span class='ocr_line' id='line_1_4' title="bbox 271 464 1542 531; baseline 0.005 -21"><span class='ocrx_word' id='word_1_18' title='bbox 271 464 443 511; x_wconf 86' lang='lat' dir='ltr'>fimum</span> <span class='ocrx_word' id='word_1_19' title='bbox 461 466 727 512; x_wconf 73' lang='lat' dir='ltr'>strinxisset</span> <span class='ocrx_word' id='word_1_20' title='bbox 717 470 896 514; x_wconf 82' lang='lat' dir='ltr'>luvenis</span> <span class='ocrx_word' id='word_1_21' title='bbox 915 469 1071 515; x_wconf 86' lang='lat' dir='ltr'>adhuc</span> <span class='ocrx_word' id='word_1_22' title='bbox 1087 470 1349 530; x_wconf 86' lang='lat' dir='ltr'>iudiciique</span> <span class='ocrx_word' id='word_1_23' title='bbox 1369 486 1542 531; x_wconf 87' lang='lat' dir='ltr'>parum</span> 
     </span>
     <span class='ocr_line' id='line_1_5' title="bbox 270 537 1564 607; baseline 0.002 -23"><span class='ocrx_word' id='word_1_24' title='bbox 270 537 477 597; x_wconf 63' lang='lat' dir='ltr'>iuba&amp;i‚</span> <span class='ocrx_word' id='word_1_25' title='bbox 513 551 567 586; x_wconf 93' lang='lat' dir='ltr'>ut</span> <span class='ocrx_word' id='word_1_26' title='bbox 594 552 814 586; x_wconf 87' lang='lat' dir='ltr'>notatum</span> <span class='ocrx_word' id='word_1_27' title='bbox 839 542 901 587; x_wconf 91' lang='lat' dir='ltr'>H.</span> <span class='ocrx_word' id='word_1_28' title='bbox 930 541 1174 603; x_wconf 84' lang='lat' dir='ltr'>Stephano</span> <span class='ocrx_word' id='word_1_29' title='bbox 1202 544 1284 588; x_wconf 88' lang='lat' dir='ltr'>lib.</span> <span class='ocrx_word' id='word_1_30' title='bbox 1320 543 1366 588; x_wconf 88' lang='lat' dir='ltr'>II</span> <span class='ocrx_word' id='word_1_31' title='bbox 1399 542 1564 607; x_wconf 48' lang='lat' dir='ltr'>Sche3</span> 
     </span>
     <span class='ocr_line' id='line_1_6' title="bbox 271 598 1540 676; baseline 0.002 -21"><span class='ocrx_word' id='word_1_32' title='bbox 271 598 437 656; x_wconf 83' lang='lat' dir='ltr'>diasm</span> <span class='ocrx_word' id='word_1_33' title='bbox 453 627 499 668; x_wconf 82' lang='lat'>4,</span> <span class='ocrx_word' id='word_1_34' title='bbox 531 609 572 656; x_wconf 84' lang='lat' dir='ltr'>8c</span> <span class='ocrx_word' id='word_1_35' title='bbox 598 628 848 672; x_wconf 83' lang='lat' dir='ltr'>operarum</span> <span class='ocrx_word' id='word_1_36' title='bbox 875 613 926 657; x_wconf 85' lang='lat' dir='ltr'>in</span> <span class='ocrx_word' id='word_1_37' title='bbox 943 613 1226 676; x_wconf 80' lang='lat' dir='ltr'>Dionysrum</span> <span class='ocrx_word' id='word_1_38' title='bbox 1247 612 1540 660; x_wconf 75' lang='lat' dir='ltr'>Halicarnafl&#39;.</span> 
     </span>
     <span class='ocr_line' id='line_1_7' title="bbox 270 685 1546 750; baseline 0.003 -20"><span class='ocrx_word' id='word_1_39' title='bbox 270 700 310 730; x_wconf 83' lang='lat' dir='ltr'>c.</span> <span class='ocrx_word' id='word_1_40' title='bbox 330 685 404 742; x_wconf 83' lang='lat'>16,</span> <span class='ocrx_word' id='word_1_41' title='bbox 420 685 507 730; x_wconf 89' lang='lat' dir='ltr'>ubi</span> <span class='ocrx_word' id='word_1_42' title='bbox 522 686 680 743; x_wconf 87' lang='lat' dir='ltr'>docet,</span> <span class='ocrx_word' id='word_1_43' title='bbox 699 686 984 750; x_wconf 76' lang='lat' dir='ltr'>Dionysium</span> <span class='ocrx_word' id='word_1_44' title='bbox 1004 687 1189 748; x_wconf 91' lang='lat' dir='ltr'>ipsum</span> <span class='ocrx_word' id='word_1_45' title='bbox 1178 688 1348 733; x_wconf 83' lang='lat' dir='ltr'>imitari</span> <span class='ocrx_word' id='word_1_46' title='bbox 1369 687 1546 736; x_wconf 91' lang='lat' dir='ltr'>deinde</span> 
     </span>
     <span class='ocr_line' id='line_1_8' title="bbox 265 759 1548 823; baseline 0.001 -17"><span class='ocrx_word' id='word_1_47' title='bbox 265 759 522 823; x_wconf 72' lang='lat' dir='ltr'>&#39;dignatum</span> <span class='ocrx_word' id='word_1_48' title='bbox 540 794 553 815; x_wconf 83' lang='lat'>,</span> <span class='ocrx_word' id='word_1_49' title='bbox 579 776 702 820; x_wconf 87' lang='lat' dir='ltr'>quae</span> <span class='ocrx_word' id='word_1_50' title='bbox 733 771 869 806; x_wconf 91' lang='lat' dir='ltr'>antea</span> <span class='ocrx_word' id='word_1_51' title='bbox 898 760 1274 821; x_wconf 78' lang='lat' dir='ltr'>reprehenderat.</span> <span class='ocrx_word' id='word_1_52' title='bbox 1304 760 1548 817; x_wconf 68' lang='lat' dir='ltr'>Adiunxit⁴</span> 
     </span>
     <span class='ocr_line' id='line_1_9' title="bbox 272 831 1543 897; baseline 0 -18"><span class='ocrx_word' id='word_1_53' title='bbox 272 834 416 879; x_wconf 81' lang='lat' dir='ltr'>etiam</span> <span class='ocrx_word' id='word_1_54' title='bbox 451 831 734 880; x_wconf 56' lang='lat' dir='ltr'>doctissimus</span> <span class='ocrx_word' id='word_1_55' title='bbox 769 834 921 880; x_wconf 85' lang='lat' dir='ltr'>editor</span> <span class='ocrx_word' id='word_1_56' title='bbox 950 834 1081 880; x_wconf 89' lang='lat' dir='ltr'>binas</span> <span class='ocrx_word' id='word_1_57' title='bbox 1117 835 1301 880; x_wconf 45' lang='lat' dir='ltr'>tabulas*</span> <span class='ocrx_word' id='word_1_58' title='bbox 1335 834 1543 897; x_wconf 83' lang='lat' dir='ltr'>Geogra-</span> 
     </span>
     <span class='ocr_line' id='line_1_10' title="bbox 272 906 1554 971; baseline -0.001 -19"><span class='ocrx_word' id='word_1_59' title='bbox 272 907 431 969; x_wconf 84' lang='lat' dir='ltr'>phicas</span> <span class='ocrx_word' id='word_1_60' title='bbox 455 906 516 951; x_wconf 89' lang='lat' dir='ltr'>ad</span> <span class='ocrx_word' id='word_1_61' title='bbox 536 907 877 970; x_wconf 87' lang='lat' dir='ltr'>Thucydidem</span> <span class='ocrx_word' id='word_1_62' title='bbox 898 907 1263 971; x_wconf 85' lang='lat' dir='ltr'>intelligendum</span> <span class='ocrx_word' id='word_1_63' title='bbox 1292 906 1512 953; x_wconf 81' lang='lat' dir='ltr'>facientes</span> <span class='ocrx_word' id='word_1_64' title='bbox 1525 933 1554 964; x_wconf 87' lang='lat'>,-</span> 
     </span>
     <span class='ocr_line' id='line_1_11' title="bbox 219 979 1545 1043; baseline -0.001 -17"><span class='ocrx_word' id='word_1_65' title='bbox 219 1017 222 1020; x_wconf 92' lang='lat'>.</span> <span class='ocrx_word' id='word_1_66' title='bbox 272 998 421 1026; x_wconf 79' lang='lat' dir='ltr'>unam</span> <span class='ocrx_word' id='word_1_67' title='bbox 441 981 659 1027; x_wconf 76' lang='lat' dir='ltr'>Graeciae</span> <span class='ocrx_word' id='word_1_68' title='bbox 672 989 854 1042; x_wconf 74' lang='lat' dir='ltr'>,quam</span> <span class='ocrx_word' id='word_1_69' title='bbox 877 997 937 1027; x_wconf 82' lang='lat' dir='ltr'>ex</span> <span class='ocrx_word' id='word_1_70' title='bbox 953 980 1240 1043; x_wconf 85' lang='lat' dir='ltr'>Thucydide</span> <span class='ocrx_word' id='word_1_71' title='bbox 1263 979 1305 1025; x_wconf 98' lang='grc'>86</span> <span class='ocrx_word' id='word_1_72' title='bbox 1324 979 1545 1026; x_wconf 86' lang='lat' dir='ltr'>Edmun-</span> 
     </span>
     <span class='ocr_line' id='line_1_12' title="bbox 276 1052 1546 1113; baseline -0.002 -13"><span class='ocrx_word' id='word_1_73' title='bbox 276 1054 328 1100; x_wconf 88' lang='lat' dir='ltr'>di</span> <span class='ocrx_word' id='word_1_74' title='bbox 356 1054 531 1113; x_wconf 87' lang='lat' dir='ltr'>Halleii</span> <span class='ocrx_word' id='word_1_75' title='bbox 563 1055 773 1100; x_wconf 87' lang='lat' dir='ltr'>chartula</span> <span class='ocrx_word' id='word_1_76' title='bbox 808 1054 1088 1110; x_wconf 80' lang='lat' dir='ltr'>delineavit,</span> <span class='ocrx_word' id='word_1_77' title='bbox 1113 1054 1303 1100; x_wconf 85' lang='lat' dir='ltr'>alteram</span> <span class='ocrx_word' id='word_1_78' title='bbox 1334 1052 1546 1109; x_wconf 87' lang='lat' dir='ltr'>Siciliae,</span> 
     </span>
     <span class='ocr_line' id='line_1_13' title="bbox 271 1124 1543 1190; baseline -0.003 -15"><span class='ocrx_word' id='word_1_79' title='bbox 271 1145 423 1190; x_wconf 87' lang='lat' dir='ltr'>quam</span> <span class='ocrx_word' id='word_1_80' title='bbox 444 1144 503 1174; x_wconf 80' lang='lat' dir='ltr'>ex</span> <span class='ocrx_word' id='word_1_81' title='bbox 522 1127 730 1174; x_wconf 89' lang='lat' dir='ltr'>Cluverii</span> <span class='ocrx_word' id='word_1_82' title='bbox 756 1126 908 1173; x_wconf 84' lang='lat' dir='ltr'>Sicilia</span> <span class='ocrx_word' id='word_1_83' title='bbox 933 1127 1129 1187; x_wconf 85' lang='lat' dir='ltr'>antiqua</span> <span class='ocrx_word' id='word_1_84' title='bbox 1152 1126 1423 1188; x_wconf 80' lang='lat' dir='ltr'>depromsit.</span> <span class='ocrx_word' id='word_1_85' title='bbox 1462 1124 1543 1172; x_wconf 88' lang='lat' dir='ltr'>Ad</span> 
     </span>
     <span class='ocr_line' id='line_1_14' title="bbox 274 1199 1556 1263; baseline -0.002 -15"><span class='ocrx_word' id='word_1_86' title='bbox 274 1203 450 1248; x_wconf 78' lang='lat' dir='ltr'>calcem</span> <span class='ocrx_word' id='word_1_87' title='bbox 464 1202 674 1247; x_wconf 86' lang='lat' dir='ltr'>subnexa</span> <span class='ocrx_word' id='word_1_88' title='bbox 689 1201 799 1247; x_wconf 86' lang='lat' dir='ltr'>sunt</span> <span class='ocrx_word' id='word_1_89' title='bbox 810 1201 1033 1263; x_wconf 88' lang='lat' dir='ltr'>Epitome</span> <span class='ocrx_word' id='word_1_90' title='bbox 1043 1200 1342 1262; x_wconf 87' lang='lat' dir='ltr'>Thucydidis</span> <span class='ocrx_word' id='word_1_91' title='bbox 1355 1216 1381 1245; x_wconf 89' lang='lat' dir='ltr'>a</span> <span class='ocrx_word' id='word_1_92' title='bbox 1397 1199 1556 1248; x_wconf 77' lang='lat' dir='ltr'>Geor--</span> 
     </span>
     <span class='ocr_line' id='line_1_15' title="bbox 271 1273 1556 1341; baseline -0.001 -20"><span class='ocrx_word' id='word_1_93' title='bbox 271 1276 353 1341; x_wconf 73' lang='lat' dir='ltr'>gio</span> <span class='ocrx_word' id='word_1_94' title='bbox 374 1276 544 1323; x_wconf 81' lang='lat' dir='ltr'>Acacio</span> <span class='ocrx_word' id='word_1_95' title='bbox 561 1309 576 1332; x_wconf 90' lang='lat'>,</span> <span class='ocrx_word' id='word_1_96' title='bbox 603 1273 645 1321; x_wconf 89' lang='grc'>86</span> <span class='ocrx_word' id='word_1_97' title='bbox 666 1287 941 1339; x_wconf 84' lang='lat' dir='ltr'>argumenta</span> <span class='ocrx_word' id='word_1_98' title='bbox 958 1274 1251 1321; x_wconf 85' lang='lat' dir='ltr'>concionum</span> <span class='ocrx_word' id='word_1_99' title='bbox 1271 1291 1297 1320; x_wconf 91' lang='lat' dir='ltr'>a</span> <span class='ocrx_word' id='word_1_100' title='bbox 1311 1274 1432 1320; x_wconf 92' lang='lat' dir='ltr'>Iobo</span> <span class='ocrx_word' id='word_1_101' title='bbox 1449 1273 1556 1320; x_wconf 87' lang='lat' dir='ltr'>Ve--</span> 
     </span>
     <span class='ocr_line' id='line_1_16' title="bbox 273 1345 1561 1409; baseline -0.003 -14"><span class='ocrx_word' id='word_1_102' title='bbox 273 1349 392 1395; x_wconf 72' lang='lat' dir='ltr'>ratio</span> <span class='ocrx_word' id='word_1_103' title='bbox 419 1347 703 1409; x_wconf 88' lang='lat' dir='ltr'>conscripta,</span> <span class='ocrx_word' id='word_1_104' title='bbox 731 1346 774 1394; x_wconf 85' lang='grc'>86</span> <span class='ocrx_word' id='word_1_105' title='bbox 798 1347 860 1393; x_wconf 92' lang='lat' dir='ltr'>H.</span> <span class='ocrx_word' id='word_1_106' title='bbox 877 1346 1105 1408; x_wconf 77' lang='lat' dir='ltr'>Stephani</span> <span class='ocrx_word' id='word_1_107' title='bbox 1123 1346 1454 1408; x_wconf 83' lang='lat' dir='ltr'>proparasceve</span> <span class='ocrx_word' id='word_1_108' title='bbox 1482 1345 1561 1392; x_wconf 78' lang='lat' dir='ltr'>ad-</span> 
     </span>
     <span class='ocr_line' id='line_1_17' title="bbox 271 1419 1544 1480; baseline -0.002 -12"><span class='ocrx_word' id='word_1_109' title='bbox 271 1421 530 1468; x_wconf 64' lang='lat' dir='ltr'>lefiionem</span> <span class='ocrx_word' id='word_1_110' title='bbox 548 1421 862 1467; x_wconf 78' lang='lat' dir='ltr'>Scholiorum.</span> <span class='ocrx_word' id='word_1_111' title='bbox 882 1420 965 1465; x_wconf 83' lang='lat' dir='ltr'>His</span> <span class='ocrx_word' id='word_1_112' title='bbox 977 1419 1243 1465; x_wconf 83' lang='lat' dir='ltr'>succedunt</span> <span class='ocrx_word' id='word_1_113' title='bbox 1264 1419 1544 1480; x_wconf 80' lang='lat' dir='ltr'>prolixiores</span> 
     </span>
     <span class='ocr_line' id='line_1_18' title="bbox 273 1492 1548 1556; baseline -0.003 -14"><span class='ocrx_word' id='word_1_114' title='bbox 273 1495 487 1542; x_wconf 85' lang='lat' dir='ltr'>eiusdem</span> <span class='ocrx_word' id='word_1_115' title='bbox 508 1494 734 1556; x_wconf 83' lang='lat' dir='ltr'>Stephani</span> <span class='ocrx_word' id='word_1_116' title='bbox 757 1493 798 1540; x_wconf 87' lang='grc'>86</span> <span class='ocrx_word' id='word_1_117' title='bbox 825 1493 1043 1540; x_wconf 88' lang='lat' dir='ltr'>Palmerii</span> <span class='ocrx_word' id='word_1_118' title='bbox 1079 1493 1164 1554; x_wconf 84' lang='lat' dir='ltr'>(ex</span> <span class='ocrx_word' id='word_1_119' title='bbox 1193 1492 1290 1539; x_wconf 89' lang='lat' dir='ltr'>eius</span> <span class='ocrx_word' id='word_1_120' title='bbox 1321 1493 1548 1538; x_wconf 80' lang='lat' dir='ltr'>exercita-</span> 
     </span>
     <span class='ocr_line' id='line_1_19' title="bbox 271 1564 1546 1629; baseline -0.004 -14"><span class='ocrx_word' id='word_1_121' title='bbox 271 1568 484 1616; x_wconf 80' lang='lat' dir='ltr'>tionibus</span> <span class='ocrx_word' id='word_1_122' title='bbox 503 1567 563 1614; x_wconf 88' lang='lat' dir='ltr'>ad</span> <span class='ocrx_word' id='word_1_123' title='bbox 578 1569 781 1629; x_wconf 90' lang='lat' dir='ltr'>optimos</span> <span class='ocrx_word' id='word_1_124' title='bbox 799 1564 1007 1612; x_wconf 59' lang='lat' dir='ltr'>auftores</span> <span class='ocrx_word' id='word_1_125' title='bbox 1030 1565 1254 1627; x_wconf 88' lang='lat' dir='ltr'>Graecos)</span> <span class='ocrx_word' id='word_1_126' title='bbox 1275 1565 1546 1611; x_wconf 81' lang='lat' dir='ltr'>annotatio-</span> 
     </span>
     <span class='ocr_line' id='line_1_20' title="bbox 273 1637 1545 1702; baseline -0.004 -15"><span class='ocrx_word' id='word_1_127' title='bbox 273 1657 382 1698; x_wconf 84' lang='lat' dir='ltr'>nes,</span> <span class='ocrx_word' id='word_1_128' title='bbox 416 1655 540 1702; x_wconf 86' lang='lat' dir='ltr'>quae</span> <span class='ocrx_word' id='word_1_129' title='bbox 575 1637 857 1686; x_wconf 64' lang='lat' dir='ltr'>lefiionibus</span> <span class='ocrx_word' id='word_1_130' title='bbox 887 1638 1173 1685; x_wconf 82' lang='lat' dir='ltr'>variantibus</span> <span class='ocrx_word' id='word_1_131' title='bbox 1207 1637 1412 1683; x_wconf 86' lang='lat' dir='ltr'>interseri</span> <span class='ocrx_word' id='word_1_132' title='bbox 1443 1653 1545 1699; x_wconf 80' lang='lat' dir='ltr'>non</span> 
     </span>
     <span class='ocr_line' id='line_1_21' title="bbox 272 1710 1546 1776; baseline -0.002 -17"><span class='ocrx_word' id='word_1_133' title='bbox 272 1724 561 1776; x_wconf 80' lang='lat' dir='ltr'>potuerunt,</span> <span class='ocrx_word' id='word_1_134' title='bbox 585 1713 758 1774; x_wconf 88' lang='lat' dir='ltr'>quibus</span> <span class='ocrx_word' id='word_1_135' title='bbox 786 1728 846 1758; x_wconf 83' lang='lat' dir='ltr'>ex</span> <span class='ocrx_word' id='word_1_136' title='bbox 867 1712 994 1757; x_wconf 91' lang='lat' dir='ltr'>Porti</span> <span class='ocrx_word' id='word_1_137' title='bbox 1012 1710 1053 1757; x_wconf 83' lang='grc'>86</span> <span class='ocrx_word' id='word_1_138' title='bbox 1071 1711 1227 1757; x_wconf 86' lang='lat' dir='ltr'>Aeacii</span> <span class='ocrx_word' id='word_1_139' title='bbox 1245 1722 1546 1757; x_wconf 81' lang='lat' dir='ltr'>commenta-</span> 
     </span>
     <span class='ocr_line' id='line_1_22' title="bbox 274 1785 1547 1843; baseline -0.002 -9"><span class='ocrx_word' id='word_1_140' title='bbox 274 1789 350 1834; x_wconf 85' lang='lat' dir='ltr'>riis</span> <span class='ocrx_word' id='word_1_141' title='bbox 379 1799 522 1836; x_wconf 83' lang='lat' dir='ltr'>notae</span> <span class='ocrx_word' id='word_1_142' title='bbox 549 1788 661 1834; x_wconf 88' lang='lat' dir='ltr'>hinc</span> <span class='ocrx_word' id='word_1_143' title='bbox 687 1787 801 1834; x_wconf 89' lang='lat' dir='ltr'>inde</span> <span class='ocrx_word' id='word_1_144' title='bbox 826 1787 1085 1843; x_wconf 84' lang='lat' dir='ltr'>delibatae,</span> <span class='ocrx_word' id='word_1_145' title='bbox 1123 1785 1165 1832; x_wconf 79' lang='grc'>86</span> <span class='ocrx_word' id='word_1_146' title='bbox 1186 1785 1402 1832; x_wconf 81' lang='lat' dir='ltr'>Hudsoni</span> <span class='ocrx_word' id='word_1_147' title='bbox 1420 1801 1547 1831; x_wconf 87' lang='lat' dir='ltr'>non-</span> 
     </span>
     <span class='ocr_line' id='line_1_23' title="bbox 273 1859 1544 1908; baseline -0.003 0"><span class='ocrx_word' id='word_1_148' title='bbox 273 1863 407 1908; x_wconf 84' lang='lat' dir='ltr'>nulla</span> <span class='ocrx_word' id='word_1_149' title='bbox 420 1861 751 1908; x_wconf 87' lang='lat' dir='ltr'>immiscentur.</span> <span class='ocrx_word' id='word_1_150' title='bbox 766 1862 865 1908; x_wconf 92' lang='lat' dir='ltr'>Nec</span> <span class='ocrx_word' id='word_1_151' title='bbox 880 1861 1035 1906; x_wconf 88' lang='lat' dir='ltr'>minus</span> <span class='ocrx_word' id='word_1_152' title='bbox 1047 1859 1295 1906; x_wconf 81' lang='lat' dir='ltr'>Camerarii</span> <span class='ocrx_word' id='word_1_153' title='bbox 1308 1859 1544 1906; x_wconf 85' lang='lat' dir='ltr'>animadv.</span> 
     </span>
     <span class='ocr_line' id='line_1_24' title="bbox 272 1933 1546 1995; baseline -0.002 -15"><span class='ocrx_word' id='word_1_154' title='bbox 272 1935 350 1981; x_wconf 90' lang='lat' dir='ltr'>hic</span> <span class='ocrx_word' id='word_1_155' title='bbox 369 1937 534 1982; x_wconf 87' lang='lat' dir='ltr'>locum</span> <span class='ocrx_word' id='word_1_156' title='bbox 563 1934 782 1992; x_wconf 87' lang='lat' dir='ltr'>dediffet,</span> <span class='ocrx_word' id='word_1_157' title='bbox 812 1934 844 1980; x_wconf 79' lang='lat' dir='ltr'>sl</span> <span class='ocrx_word' id='word_1_158' title='bbox 873 1934 1071 1995; x_wconf 91' lang='lat' dir='ltr'>quidem</span> <span class='ocrx_word' id='word_1_159' title='bbox 1097 1934 1194 1979; x_wconf 88' lang='lat' dir='ltr'>eius</span> <span class='ocrx_word' id='word_1_160' title='bbox 1221 1933 1438 1979; x_wconf 83' lang='lat' dir='ltr'>libellum</span> <span class='ocrx_word' id='word_1_161' title='bbox 1455 1949 1546 1979; x_wconf 87' lang='lat' dir='ltr'>no-</span> 
     </span>
     <span class='ocr_line' id='line_1_25' title="bbox 274 2007 1547 2071; baseline -0.002 -15"><span class='ocrx_word' id='word_1_162' title='bbox 274 2018 431 2056; x_wconf 77' lang='lat' dir='ltr'>tarum</span> <span class='ocrx_word' id='word_1_163' title='bbox 449 2009 499 2054; x_wconf 91' lang='lat' dir='ltr'>in</span> <span class='ocrx_word' id='word_1_164' title='bbox 511 2008 799 2071; x_wconf 86' lang='lat' dir='ltr'>Thucydide</span> <span class='ocrx_word' id='word_1_165' title='bbox 818 2009 1018 2055; x_wconf 88' lang='lat' dir='ltr'>nancisci</span> <span class='ocrx_word' id='word_1_166' title='bbox 1039 2007 1274 2070; x_wconf 78' lang='lat' dir='ltr'>potuisset.</span> <span class='ocrx_word' id='word_1_167' title='bbox 1293 2007 1547 2054; x_wconf 88' lang='lat' dir='ltr'>Accedunt</span> 
     </span>
    </p>
   </div>
   <div class='ocr_carea' id='block_1_3' title="bbox 274 2077 1548 2203">
    <p class='ocr_par' dir='ltr' id='par_1_3' title="bbox 274 2077 1548 2203">
     <span class='ocr_line' id='line_1_26' title="bbox 274 2077 1543 2142; baseline 0 -16"><span class='ocrx_word' id='word_1_168' title='bbox 274 2091 514 2142; x_wconf 87' lang='lat' dir='ltr'>praeterea</span> <span class='ocrx_word' id='word_1_169' title='bbox 535 2082 687 2128; x_wconf 85' lang='lat' dir='ltr'>variae</span> <span class='ocrx_word' id='word_1_170' title='bbox 713 2077 934 2127; x_wconf 69' lang='lat' dir='ltr'>leffiones</span> <span class='ocrx_word' id='word_1_171' title='bbox 963 2097 1024 2127; x_wconf 82' lang='lat' dir='ltr'>ex</span> <span class='ocrx_word' id='word_1_172' title='bbox 1045 2081 1140 2127; x_wconf 85' lang='lat' dir='ltr'>aliis</span> <span class='ocrx_word' id='word_1_173' title='bbox 1172 2081 1364 2127; x_wconf 91' lang='lat' dir='ltr'>duobus</span> <span class='ocrx_word' id='word_1_174' title='bbox 1385 2080 1543 2127; x_wconf 90' lang='lat' dir='ltr'>Codd.</span> 
     </span>
     <span class='ocr_line' id='line_1_27' title="bbox 274 2149 1548 2203; baseline -0.002 -6"><span class='ocrx_word' id='word_1_175' title='bbox 274 2150 407 2198; x_wconf 89' lang='lat' dir='ltr'>MSS.</span> <span class='ocrx_word' id='word_1_176' title='bbox 427 2152 622 2203; x_wconf 87' lang='lat' dir='ltr'>Henrici</span> <span class='ocrx_word' id='word_1_177' title='bbox 653 2150 998 2197; x_wconf 86' lang='lat' dir='ltr'>Clarendoniae</span> <span class='ocrx_word' id='word_1_178' title='bbox 1025 2151 1223 2197; x_wconf 88' lang='lat' dir='ltr'>Comitis</span> <span class='ocrx_word' id='word_1_179' title='bbox 1245 2149 1286 2196; x_wconf 87' lang='grc'>86</span> <span class='ocrx_word' id='word_1_180' title='bbox 1308 2151 1375 2196; x_wconf 90' lang='lat' dir='ltr'>Io.</span> <span class='ocrx_word' id='word_1_181' title='bbox 1396 2149 1548 2196; x_wconf 79' lang='lat' dir='ltr'>Geor-</span> 
     </span>
    </p>
   </div>
   <div class='ocr_carea' id='block_1_4' title="bbox 274 2222 1547 2579">
    <p class='ocr_par' dir='ltr' id='par_1_4' title="bbox 274 2222 1547 2579">
     <span class='ocr_line' id='line_1_28' title="bbox 274 2222 1547 2289; baseline -0.001 -19"><span class='ocrx_word' id='word_1_182' title='bbox 274 2223 339 2289; x_wconf 77' lang='lat' dir='ltr'>gii</span> <span class='ocrx_word' id='word_1_183' title='bbox 363 2224 576 2281; x_wconf 87' lang='lat' dir='ltr'>Graevii,</span> <span class='ocrx_word' id='word_1_184' title='bbox 607 2241 728 2285; x_wconf 90' lang='lat' dir='ltr'>quos</span> <span class='ocrx_word' id='word_1_185' title='bbox 750 2223 886 2269; x_wconf 74' lang='lat' dir='ltr'>serius</span> <span class='ocrx_word' id='word_1_186' title='bbox 912 2223 1136 2285; x_wconf 87' lang='lat' dir='ltr'>inspicere</span> <span class='ocrx_word' id='word_1_187' title='bbox 1158 2223 1243 2284; x_wconf 74' lang='lat' dir='ltr'>ips}</span> <span class='ocrx_word' id='word_1_188' title='bbox 1268 2222 1414 2270; x_wconf 80' lang='lat' dir='ltr'>licuit.</span> <span class='ocrx_word' id='word_1_189' title='bbox 1444 2223 1547 2269; x_wconf 80' lang='lat' dir='ltr'>De-</span> 
     </span>
     <span class='ocr_line' id='line_1_29' title="bbox 276 2292 1544 2358; baseline -0.002 -15"><span class='ocrx_word' id='word_1_190' title='bbox 276 2299 425 2358; x_wconf 89' lang='lat' dir='ltr'>nique</span> <span class='ocrx_word' id='word_1_191' title='bbox 453 2297 628 2343; x_wconf 86' lang='lat' dir='ltr'>indices</span> <span class='ocrx_word' id='word_1_192' title='bbox 656 2308 745 2342; x_wconf 86' lang='lat' dir='ltr'>tres</span> <span class='ocrx_word' id='word_1_193' title='bbox 770 2296 1119 2357; x_wconf 83' lang='lat' dir='ltr'>locupletissimi</span> <span class='ocrx_word' id='word_1_194' title='bbox 1148 2313 1333 2353; x_wconf 90' lang='lat' dir='ltr'>rerum,</span> <span class='ocrx_word' id='word_1_195' title='bbox 1374 2292 1544 2342; x_wconf 69' lang='lat' dir='ltr'>difflo-</span> 
     </span>
     <span class='ocr_line' id='line_1_30' title="bbox 276 2367 1542 2432; baseline -0.004 -15"><span class='ocrx_word' id='word_1_196' title='bbox 276 2387 398 2417; x_wconf 91' lang='lat' dir='ltr'>num</span> <span class='ocrx_word' id='word_1_197' title='bbox 433 2370 714 2416; x_wconf 85' lang='lat' dir='ltr'>Graecarum</span> <span class='ocrx_word' id='word_1_198' title='bbox 744 2369 1076 2432; x_wconf 78' lang='lat' dir='ltr'>insigniorum,</span> <span class='ocrx_word' id='word_1_199' title='bbox 1112 2367 1153 2414; x_wconf 89' lang='grc'>86</span> <span class='ocrx_word' id='word_1_200' title='bbox 1182 2368 1460 2429; x_wconf 85' lang='lat' dir='ltr'>scriptorum</span> <span class='ocrx_word' id='word_1_201' title='bbox 1490 2368 1542 2413; x_wconf 91' lang='lat' dir='ltr'>in</span> 
     </span>
     <span class='ocr_line' id='line_1_31' title="bbox 277 2440 1543 2503; baseline -0.003 -13"><span class='ocrx_word' id='word_1_202' title='bbox 277 2444 470 2490; x_wconf 89' lang='lat' dir='ltr'>Scholiis</span> <span class='ocrx_word' id='word_1_203' title='bbox 494 2443 807 2489; x_wconf 87' lang='lat' dir='ltr'>laudatorum.</span> <span class='ocrx_word' id='word_1_204' title='bbox 826 2443 1080 2488; x_wconf 85' lang='lat' dir='ltr'>Pollicetur</span> <span class='ocrx_word' id='word_1_205' title='bbox 1097 2455 1335 2503; x_wconf 83' lang='lat' dir='ltr'>praeterea</span> <span class='ocrx_word' id='word_1_206' title='bbox 1347 2440 1543 2487; x_wconf 82' lang='lat' dir='ltr'>Hudso-</span> 
     </span>
     <span class='ocr_line' id='line_1_32' title="bbox 277 2513 1544 2579; baseline -0.002 -15"><span class='ocrx_word' id='word_1_207' title='bbox 277 2533 390 2579; x_wconf 87' lang='lat' dir='ltr'>nus,</span> <span class='ocrx_word' id='word_1_208' title='bbox 409 2515 644 2565; x_wconf 75' lang='lat' dir='ltr'>mamistae</span> <span class='ocrx_word' id='word_1_209' title='bbox 666 2515 710 2563; x_wconf 88' lang='lat' dir='ltr'>se</span> <span class='ocrx_word' id='word_1_210' title='bbox 725 2517 834 2564; x_wconf 90' lang='lat' dir='ltr'>loco</span> <span class='ocrx_word' id='word_1_211' title='bbox 853 2513 1150 2565; x_wconf 63' lang='lat' dir='ltr'>adiecturum</span> <span class='ocrx_word' id='word_1_212' title='bbox 1178 2513 1266 2564; x_wconf 82' lang='lat' dir='ltr'>effe</span> <span class='ocrx_word' id='word_1_213' title='bbox 1279 2513 1544 2563; x_wconf 85' lang='lat' dir='ltr'>Annalibus</span> 
     </span>
    </p>
   </div>
   <div class='ocr_carea' id='block_1_5' title="bbox 1623 242 1670 2129">
    <p class='ocr_par' dir='ltr' id='par_1_5' title="bbox 1623 242 1670 2129">
     <span class='ocr_line' id='line_1_33' title="bbox 1623 242 1670 2129; baseline 0 0"><span class='ocrx_word' id='word_1_214' title='bbox 1623 242 1670 2129; x_wconf 95' lang='lat' dir='ltr'> </span> 
     </span>
    </p>
   </div>
  </div>
 </body>
</html>
