1670 3094
404 227 516 277 DE
565 225 1036 274 THUCYDIDE.
1198 238 1377 275 Lxxrx

18 316 22 379 ss
107 341 182 389 lae
204 357 223 389 ι
235 341 321 402 763
337 374 352 397 ,
374 357 400 385 a
414 355 521 403 pag.
543 352 567 384 ¹2
580 353 632 398 13
654 337 752 396 sqq.
771 351 884 382 cum
902 351 1002 403 quo
1021 335 1223 396 quidem
1241 337 1376 399 saepe

12 1320 37 1387 ηερε
8 1211 38 1310 *wee-
0 1115 36 1204 Τ·
0 1079 29 1107 22
14 927 16 930 ’
23 899 31 912 ·„
11 861 41 889 γ

30 1690 36 1699 -
27 1620 34 1629 2
28 1560 35 1577 ⁶
15 1380 43 1493 ³³45*

109 431 182 462 res
207 415 271 460 est
296 413 339 459 8c
361 424 598 459 certamen
616 410 794 455 Bauero
820 409 870 454 in
890 409 1015 454 notis
1032 409 1095 455 ad
1109 409 1374 457 Oratione&

101 515 103 517 ·
175 486 277 533 Car.
298 485 409 532 Lud.
427 485 595 530 Baueri
614 481 896 529 Exercitatio
929 482 990 528 de
1016 479 1222 528 leffione
1237 483 1376 528 Thu-

107 556 316 620 cydidis,
348 558 529 619 optima
550 554 894 617 interpretandi
918 555 1169 617 disciplina.
1191 555 1381 618 Lipfiae

109 644 199 689 175
238 665 248 675 .
278 646 323 689 4.

169 647 247 750 D3e
272 703 517 750 notatione
542 703 843 766 Thucydidis
873 702 916 749 8c
942 702 1173 750 scribendi
1204 718 1372 767 genere

106 772 314 823 sollerter
338 787 483 837 atque
506 776 823 840 intelligenter
839 776 961 840 egit,
986 775 1029 821 Sc
1048 776 1158 822 locis
1176 776 1373 837 quibus-

103 853 222 901 dam
252 852 421 898 luxatis
460 852 696 898 medicam
733 852 891 897 attulit
922 867 1120 897 manum
1154 853 1221 897 Ιὸ.
1256 851 1373 898 Dav.

105 924 366 970 Heilmanus
386 924 437 969 in
460 923 715 971 kritischen
731 924 993 969 Gedanken
1007 939 1105 969 von
1124 923 1233 970 dem
1257 924 1375 970 Cha-

102 993 252 1045 raaester
272 995 375 1043 und
393 996 477 1042 der
488 995 751 1042 Sehreibart
771 995 851 1042 des
861 995 1193 1059 Thucydide3‚
1208 997 1371 1061 Lemg.

107 1069 324 1186 nigidii
343 1139 395 1185 in
419 1150 556 1186 textu
586 1138 728 1184 nostri
754 1139 946 1202 corrigit
970 1140 1036 1185 Io.
1055 1140 1150 1186 Iac.
1176 1140 1373 1187 Reiskius

105 1212 156 1258 in
173 1212 423 1262 Animadv.
450 1213 512 1258 ad
540 1212 745 1258 Graecos
771 1210 980 1259 auc-tores
1004 1211 1115 1259 Vol.
1132 1213 1229 1270 111,
1249 1214 1371 1276 Lips.

110 1287 247 1340 1761.
274 1287 314 1332 8.
348 1287 482 1333 cuius
509 1287 650 1333 etiam
675 1287 856 1332 exstant
881 1298 1022 1332 notae
1047 1287 1099 1333 in
1125 1287 1372 1351 Thucydi-

108 1359 221 1404 dem
236 1357 298 1404 ad
315 1360 492 1404 calcem
517 1358 735 1405 verfionis
755 1359 916 1406 Germ.
934 1358 1223 1407 Orationum
1235 1361 1375 1409 Thu-

105 1432 424 1496 cydidearum.

205 1585 416 1650 Veffiones
445 1585 706 1651 Thucydidis
734 1588 779 1633 in
809 1586 985 1650 linguas
1006 1589 1278 1636 vernaculas-

172 1722 381 1769 Gallicae.
410 1737 449 1769 1.
483 1723 660 1770 Claudii
677 1724 864 1787 Seyffilil'
890 1724 1107 1787 Episcopi
1124 1726 1370 1773 Massilien-

103 1793 184 1851 fis,
213 1794 301 1855 qui
321 1793 442 1841 iuffu
465 1795 687 1842 Francisci
705 1797 726 1840 1
748 1796 925 1842 Gallice
949 1797 1182 1854 reddidit,
1197 1797 1239 1844 ὃς
1261 1798 1302 1844 V
1302 1801 1371 1844 al-

24 1859 52 1922 ,ζιρ
99 1867 174 1914 lae
192 1867 407 1913 Latinam
422 1869 683 1914 verslonem
701 1868 883 1914 secutus
903 1870 992 1927 est,
1016 1887 1069 1917 ac
1094 1872 1156 1917 de
1174 1871 1371 1933 quibus-

30 1935 54 2001 3]
102 1939 217 1986 dam
231 1940 343 1986 locis
356 1939 568 1986 Lascarin
582 1940 860 1987 consuluisse
878 1941 1058 1988 dicitur.
1076 1944 1206 1990 Paris.
1231 1960 1315 2004 152
1327 1962 1368 2002 7.

103 2012 336 2072 1559.fol.
356 2027 488 2071 1555.
511 2014 551 2058 8.
578 2013 621 2059 8c
644 2028 780 2072 1545.
804 2029 941 2073 1555·
967 2016 1037 2062 16.
1065 2017 1138 2063 Ex
1159 2017 1242 2064 hac
1260 2035 1367 2064 ver-

37 2075 62 2145 is
98 2085 228 2132 sione
245 2085 583 2148 Thucydidem
607 2087 810 2134 libenter
831 2085 1061 2140 leffltavit
1080 2090 1123 2137 8c
1142 2092 1193 2136 in
1219 2092 1367 2139 castris

102 2157 327 2204 comitem
348 2157 516 2204 habuit
545 2158 736 2205 Carolus
763 2158 810 2206 V
838 2161 1110 2222 Imperator.
1139 2162 1263 2209 Vide
1282 2163 1367 2210 Vi·

32 2223 62 2295 ¹}
102 2228 270 2276 fiorini
295 2229 496 2294 Strigelii
521 2230 711 2292 praefat.
742 2231 803 2276 ad
829 2233 1248 2280 animadversiones
1266 2235 1368 2281 suas

40 2292 66 2360 ζ.
98 2300 153 2347 in
172 2301 443 2348 Chronicon
460 2303 663 2365 Philippi
681 2303 1074 2352 Melanchthonis
1097 2307 1367 2372 Perstringi-

35 2367 70 2421 'fs
99 2385 180 2422 tur
212 2373 416 2437 Seyffelii
443 2377 589 2422 versio
613 2377 675 2422 ab
697 2377 759 2422 Η.
780 2376 1022 2439 Stephano
1057 2380 1108 2426 in
1132 2380 1274 2442 praef.
1301 2380 1367 2425 ad.

34 2547 79 2571 ἑηῖ·

35 2574 54 2606 ἰ

47 2742 64 2767 ‘si

40 2767 62 2799 ξ
74 2770 79 2777 “

51 2804 62 2826 J:

47 2829 55 2837 ι
63 2829 66 2837 .

36 2448 438 2524 {Thucydidem
469 2449 513 2497 8c
538 2451 600 2497 ad
629 2449 1033 2500 introdufflonem
1056 2454 1233 2500 Gallice
1265 2452 1366 2500 edi-

101 2531 201 2568 tam
217 2521 276 2568 ad
290 2521 572 2588 Apologiarn
587 2539 676 2586 pro
697 2524 963 2577 Herodoto.
