1670 3094
298 199 394 253 ,μ
500 189 1369 242 ΑΝΝΟΤΑΤῙΟΝΕΞ

295 278 616 373 depravationem
640 279 784 321 faaum
799 313 812 331 ‚
844 281 972 322 amissa
995 282 1164 337 primum
1194 282 1304 324 litera
1355 283 1574 335 rima‚.de-'

295 332 338 373 in
363 346 386 373 e
401 332 512 374 litera
536 349 554 387 ρ
578 335 619 374 in
635 349 669 389 γ
694 346 840 375 mutata
861 349 884 376 a
905 338 1115 392 quopiam,
1136 338 1203 391 qui
1220 338 1287 377 has
1329 338 1480 390 yllabas
1503 339 1568 380 λὸ·

297 400 360 440 pov
372 387 475 448 ‘nihil
499 387 711 442 significare
731 390 895 431 videbat.
913 391 985 431 His
1007 391 1150 432 accedit
1168 392 1210 432 &
1230 391 1338 432 istius
1360 392 1572 447 hexametri

232 476 241 483 t
297 440 582 481 testlmonium:

355 494 596 536 oounvsisns
620 493 771 549 Ὀλόρου
795 494 1029 547 Ἁλιμούσιος
1050 497 1186 539 ἐνθάθε
1208 498 1362 550 adram

299 559 374 589 nec
398 561 479 588 non
506 549 620 589 huius
641 551 893 602 pentametri:

354 601 591 643 oovnusis‘nv
619 601 791 655 Ὀλόρου,
818 603 1048 656 Κεκροπίέην
1070 607 1115 644 τὸ
1147 605 1270 658 γένος.

298 654 361 696 Ac
382 667 432 695 ne
458 657 544 709 quis
569 669 730 710 parvam
753 657 865 696 nobis
893 656 980 697 effe'
996 657 1134 698 debere
1163 659 1351 701 existimet
1379 660 1572 715 epigram.

254 716 257 718 “
299 709 437 756 matis,
464 723 514 750 ex
542 723 626 764 quo
654 709 799 750 sumtus
822 709 876 750 est
903 711 964 751 hic
988 722 1251 765 pentameter,
1275 713 1540 756 auctoritatem
1554 747 1568 766 ‚

296 762 419 802 verba
442 762 559 810 haec,
577 776 677 817 quae
696 764 743 804 de
764 762 846 818 ipso
866 765 905 804 in
927 766 1010 805 eius
1027 765 1109 805 vita
1131 765 1318 819 legimus,
1333 765 1397 807 ἵνα
1416 767 1470 820 μὴ
1493 770 1570 808 vri-

299 831 360 856 σιν
386 830 440 856 ειη
474 818 616 866 βατὶς,
644 817 843 871 depromta
872 818 958 859 inde
985 818 1060 859 effe
1089 819 1466 862 animadvertendum
1491 822 1568 868 est:

297 870 352 909 ibi
371 871 472 910 enim
491 871 677 924 legimus,
697 871 779 923 Εἰμὶ
801 871 847 911 δὲ
864 870 902 912 οὗ
918 872 1108 914 πάντεσσι
1127 873 1259 919 βατός.
1277 873 1428 915 8ΤΕΡΗ.
1449 881 1566 916 OA0-

297 927 390 964 I'OT
410 923 512 964 deest
530 927 569 964 in
594 925 717 966 Codd.
746 925 831 967 Mis.
849 926 894 966 In
929 925 1172 980 sequentibus
1194 927 1302 968 libris
1325 932 1420 968 ΤΟΥ
1449 934 1566 969 ΟΛΟ-

296 981 389 1017 ΡΟΎ
407 978 549 1019 habent
573 990 722 1020 ceterae
743 980 939 1020 editiones.
961 981 1047 1021 Nos
1064 991 1214 1030 tamen,
1237 994 1286 1022 ne
1337 994 1390 1022 ua
1412 983 1452 1022 in
1471 983 1567 1023 titu-

295 1031 339 1071 lo
363 1030 466 1073 foret
493 1032 762 1087 discrepantia,
790 1034 994 1075 articulum
1019 1034 1268 1075 neoleximus.
1337 1047 1435 1076 uns.
1460 1036 1565 1077 Inter

297 1098 389 1135 eos,
410 1086 480 1140 qui
496 1086 649 1141 Ὀρὸλου
674 1087 829 1141 legunt,
849 1089 993 1129 eminet
1015 1069 1150 1129 aufftor
1169 1090 1272 1130 vitae
1293 1090 1378 1130 eius
1399 1090 1568 1131 Marcel-

293 1139 406 1181 linus.
423 1140 568 1194 Ὀλόρου
588 1140 725 1181 auctor
745 1142 874 1196 Epigr.
896 1143 937 1182 in
958 1142 1121 1183 Anthol.
1142 1142 1162 1182 I
1174 1174 1186 1192 ,
1205 1157 1268 1193 44.
1284 1153 1326 1183 at
1343 1143 1434 1184 vide
1455 1144 1566 1185 Thu-

294 1194 386 1247 cyd.
407 1194 482 1242 IV,
511 1208 595 1242 104.
622 1196 791 1236 WAssE.
1374 1198 1378 1203 '

362 1251 437 1288 ead.
460 1252 733 1290 ΞΎΠΡΑΦΗΣ
761 1254 823 1289 To
847 1249 1066 1304 ΠΡΩΤΟΝ)
1098 1248 1210 1291 Alius
1241 1250 1280 1290 in
1303 1259 1385 1291 vet.
1412 1249 1476 1290 lib.
1508 1251 1565 1292 est

292 1301 449 1352 titulus,
467 1301 650 1356 Ἱστοριῶν
675 1302 818 1356 πρώτη.
852 1304 987 1358 Atque
1015 1314 1062 1344 ut
1086 1304 1148 1345 hic
1177 1305 1216 1344 in
1240 1303 1408 1344 secundo
1435 1304 1561 1354 libro,

291 1355 538 1410 Ξυγγροιφιῖς
557 1358 601 1397 τὸ
624 1354 814 1412 ‹febre-pov,
838 1358 889 1398 ita
916 1358 995 1406 ibi,
1017 1356 1190 1412 Ἱστοριῶν
1218 1356 1404 1411 «Γευτέροιε
1425 1359 1559 1399 &adem

293 1410 396 1450 tituli
416 1410 545 1450 forma
567 1411 777 1464 utrobique
797 1410 950 1452 servata
971 1412 1012 1452 δι
1030 1411 1070 1451 in
1089 1411 1335 1466 sequentibus
1357 1411 1475 1452 libris.
1499 1412 1561 1454 sic

293 1477 395 1505 vero
428 1465 471 1505 δε
502 1465 606 1518 apud
631 1465 881 1507 Herodotum
912 1465 1088 1518 Ἱστοριῶν
1119 1465 1271 1519 πρώτη,
1304 1478 1406 1520 quae
1443 1465 1485 1506 δι
1513 1466 1563 1507 de

291 1517 429 1559 Musae
453 1519 631 1565 nomine,
656 1518 767 1560 Clio:
795 1520 1012 1574 eodemque
1035 1519 1180 1568 modo,
1211 1517 1390 1574 Ἱστοριῶν
1423 1518 1560 1560 ‘sture'-

244 1618 251 1624 ,
290 1587 360 1626 ρει,
382 1585 484 1626 quae
500 1573 543 1613 δι
561 1573 752 1628 Euterpe:
773 1573 816 1613 &
839 1574 891 1614 ita
916 1574 1106 1628 deinceps.
1132 1572 1206 1614 Sed
1230 1585 1323 1614 cum
1341 1568 1488 1614 nov'em
1515 1573 1562 1614 li-

291 1625 453 1667 brorum
484 1625 741 1681 unusquisque
766 1626 935 1668 Historia
963 1638 1154 1678 vocetur,
1187 1626 1418 1676 videndum,
1443 1640 1494 1667 an
1516 1627 1559 1670 &

290 1691 420 1721 torum
446 1693 473 1721 o
502 1694 550 1720 us
571 1694 621 1721 ex
642 1691 703 1721 tot
723 1681 828 1722 libris
847 1681 1047 1731 constans,
1070 1681 1306 1729 Historiam,
1321 1693 1365 1722 ac
1379 1693 1461 1723 non
1481 1694 1555 1736 po-

290 1735 369 1775 tius
399 1694 590 1775 Hiiiorias
618 1747 767 1776 vocare
796 1736 1012 1777 debeamus.
1035 1734 1244 1776 Historiam
1275 1735 1431 1789 quidem
1453 1745 1560 1776 certe

290 1799 410 1829 vocat
428 1787 497 1828 iste
521 1788 674 1839 titulus,
697 1788 891 1842 Ἣροὲὂτου
916 1789 1235 1843 Ἁλικαρνασσέως
1254 1787 1424 1842 ἱστορία,
1447 1787 1483 1829 ἐν
1502 1788 1558 1830 ἐν·

290 1842 358 1883 νέοι
384 1842 604 1895 τμήμασιν,
627 1842 656 1882 ἑὶ
692 1843 757 1883 καὶ
787 1843 941 1885 Μούσας
972 1842 1097 1884 καλεῖ.
1124 1842 1257 1897 Atque
1284 1842 1381 1883 haec
1403 1841 1557 1896 epigra-

320 1897 368 1936 he
383 1927 394 1945 ‚
415 1897 455 1936 in
479 1910 557 1950 qua
579 1895 725 1950 ἱστορίαι
744 1910 828 1938 non
847 1897 1005 1952 ἱστορίαι
1024 1898 1060 1938 le
1087 1898 1209 1947 imus,
1229 1895 1454 1937 confirmari
1467 1895 1558 1965 pos-

288 1910 328 1990 Ξῖ
356 1950 512 1990 videtur
544 1963 596 1991 ex
629 1952 768 2016 primis
794 1951 909 2018 ipsius
939 1910 1132 1992 Herodgoti
1162 1950 1291 1991 verbis
1310 1981 1324 2001 ,
1357 1948 1555 2004 ‘Hposovou

290 2002 606 2058 ’Λλικαρνασσῆος
626 2005 787 2058 ιστορίης
808 2004 998 2058 απὸἒεξις
1016 2002 1099 2046 ὕὲε.
1118 2004 1191 2046 Sed
1203 2017 1286 2045 non
1305 2003 1463 2044 dubium
1477 2002 1554 2052 est,

287 2058 386 2111 quin
407 2068 451 2097 ut
469 2068 597 2098 totum
619 2071 722 2113 opus
743 2059 935 2114 appellare
951 2059 1147 2100 historiam
1167 2057 1366 2113 possumus
1378 2086 1391 2106 ‚
1414 2056 1554 2097 intelli-

285 2111 415 2165 gendo
432 2112 647 2164 generalem
665 2112 882 2154 historiam:
909 2115 962 2154 ita
986 2114 1028 2153 δι
1048 2122 1370 2166 unumquemque
1383 2108 1551 2159 librum,

285 2175 352 2205 tan
380 2178 469 2205 uam
501 2167 770 2218 particularem
795 2167 837 2207 δι
865 2166 934 2207 fibi
960 2166 1192 2222 peculiarem
1216 2164 1413 2205 historiam
1443 2176 1554 2204 com-

283 2219 347 2274 ple
385 2229 524 2259 entem.
537 2219 695 2260 Interim
715 2232 845 2261 tamen
868 2221 959 2261 mihi
977 2232 1059 2261 non
1078 2219 1278 2274 placet‚in
1293 2230 1377 2258 uno
1394 2218 1552 2259 eodem-

285 2286 364 2327 que
381 2272 497 2312 titulo
521 2271 667 2327 ἱστορία
692 2275 746 2314 ita
773 2275 892 2328 poni,
919 2283 966 2314 ut
984 2275 1098 2315 usum
1117 2284 1327 2325 utrumque
1349 2271 1501 2311 habeat.

341 2326 468 2379 Quod
488 2330 616 2367 autem
631 2327 678 2367 ad
701 2328 869 2382 priorem
885 2328 988 2368 illam
1010 2327 1197 2367 librorum
1211 2325 1454 2378 Thucydidis
1467 2324 1552 2380 epi-

284 2381 459 2435 graphen
487 2380 646 2431 attinet,
677 2380 917 2435 Ξυγγροιφῆς
938 2385 984 2421 τὸ
1015 2379 1181 2435 πρῶτον,
1208 2380 1250 2421 &
1273 2381 1317 2419 τὶ
1352 2378 1548 2441 ὀξύτερον,

285 2448 402 2489 atque
425 2435 475 2474 ita
497 2433 701 2490 deinceps,
725 2436 891 2476 verbum
913 2433 1132 2490 {vve'ypevssae
1145 2465 1157 2482 ‚
1176 2447 1259 2488 quo
1280 2432 1403 2474 utitur
1423 2433 1549 2482 imtio,

282 2502 358 2546 pro
385 2502 430 2531 ea
456 2487 581 2530 facere
613 2490 737 2533 videri
772 2488 897 2545 poffit.
923 2489 1050 2545 Quod
1092 2488 1207 2532 Valla
1242 2487 1394 2544 quidem
1426 2486 1548 2530 mico

1629 2183 1666 2511 g
