1670 3094
295 171 390 220 374
499 151 1373 206 'ANNOTATIONES

291 255 379 297 pag.
407 255 482 294 272
517 241 553 282 d.
581 242 762 297 Xenoph.
788 255 879 292 442.
916 243 1140 295 Thucydid.
1175 244 1250 294 IV,
1274 258 1330 296 7,
1363 257 1432 298 50,
1465 255 1572 296 102,

298 310 397 345 104,
420 296 504 336 106.
525 296 637 337 voff.
664 298 710 337 ad
726 297 932 349 Scylacem
948 312 984 352 p.
1010 311 1067 350 37.
1086 297 1244 339 Pausan.
1267 299 1358 349 614.
1375 299 1568 343 Plutarch.

295 351 380 389 Vit.
413 348 502 397 482.
542 351 733 391 Herodot.
756 351 857 400 Vll,
884 365 929 406 25
965 351 1006 392 &
1047 364 1132 404 ¹13·
1165 352 1351 405 Polyaen.
1374 350 1476 403 VII,
1503 367 1568 403 24.

293 403 438 456 Pyrrhi
462 404 611 458 Ligorii
637 418 779 445 numus
803 418 894 445 cum
919 419 1016 446 urna
1045 406 1088 446 δι
1106 419 1227 447 urceo
1252 406 1355 461 apud
1380 407 1572 450 Harduin.

300 471 374 512 572
409 461 623 498 ΗΙΟΝΕΩΝ.
654 458 932 499 Cantacuzeno
965 460 1286 513 ’Avaemop67r0m.
1312 462 1462 501 WAss.
1502 460 1568 502 Ad

294 512 737 657 {2³u’515313i3mc‘213‘s‘531215
739 512 1572 624 iffiffi},⁵5d2‘?¹¹ss{51{¹e17s¹2¹3⁶}?;35223

296 633 339 659 ln
412 634 484 660 ιων.

351 675 434 712 ibid.
457 672 578 713 Ἠϊόνα
602 671 670 713 τὴν
691 672 756 713 ἐπὶ
776 672 985 727 Στρυμόνι)
1001 673 1065 716 Sic
1090 674 1132 716 &
1154 673 1356 717 Pausanias
1377 675 1497 726 VIII,
1523 674 1572 717 8:

297 725 422 768 Ἠϊόνα.
445 726 514 768 τὴν
536 726 600 767 ἐπὶ
623 727 818 780 Στρυμόνι.
839 727 1002 768 8ΡΑΝΗ.

353 784 430 820 ead.
450 783 474 820 l.
506 793 565 820 ιο.
584 780 748 834 Σκύρον)
772 779 916 822 Κλῆσιν
938 781 1027 836 ἔχει
1051 782 1122 822 ἒιέι
1144 783 1189 822 τὶ
1210 784 1390 837 onuphr,
1413 783 1478 827 καὶ
1501 779 1574 826 οἷοι
1617 812 1620 815 -

299 834 518 887 σκυρῶἒες,
544 832 624 876 ἰότοι
642 834 811 875 measa.
833 835 964 889 σκὺρος
981 839 1065 890 ’γὰρ
1089 834 1108 878 ἦ
1128 835 1329 885 moraviam,
1348 837 1472 891 inquit
1492 837 1572 879 Eu-

298 889 473 930 ssathius.
500 890 644 930 Eadem
668 888 748 930 fere
781 888 1028 942 Hesychius,
1055 890 1098 931 δι
1125 890 1254 932 Schol.
1283 890 1433 932 Pindari
1457 890 1576 944 Pyth.

300 943 360 990 V,
394 956 488 992 124:
514 944 682 996 σκυρωτὶτ
713 942 798 984 ἀντὶ
832 943 901 984 τοῦ
931 945 1191 998 λιθόστρωτος.
1212 945 1272 986 Ibi
1294 944 1368 985 Ms-
1398 945 1576 986 Emman.

303 997 529 1057 012022‘021725
560 1010 634 1050 pro
659 997 873 1050 Ἰχνέοντες.
901 997 1050 1040 Confer
1072 999 1355 1053 Etymologum
1381 1000 1421 1039 in
1447 1000 1577 1054 Ἀργε-

300 1064 432 1092 voveat
449 1082 462 1102 ,
485 1051 529 1092 &
553 1051 707 1092 Suidam
737 1065 779 1092 v.
809 1051 934 1106 Ἀρχὴ
962 1058 1046 1105 Κυς.
1071 1053 1293 1107 Scopuloam
1321 1053 1425 1094 recte
1455 1064 1579 1095 vocat

302 1105 458 1146 Statius.
487 1106 577 1146 Vid.
600 1106 642 1146 &
659 1104 906 1146 Aristotelem
928 1106 1025 1147 Hist.
1049 1107 1180 1148 Anim.
1231 1138 1243 1156 ‚
1266 1120 1317 1161 9,
1334 1121 1371 1162 p.
1398 1121 1486 1159 277.
1510 1107 1578 1149 In-

302 1158 384 1199 sula
408 1159 457 1200 ab
487 1161 715 1214 antiquitate
728 1191 740 1209 ,
765 1161 807 1200 &
839 1159 962 1214 lapide
987 1161 1129 1213 Scyrio
1154 1161 1310 1216 perinde
1337 1161 1578 1203 memorabx-
1652 1199 1653 1202 ,

303 1213 351 1254 lis
377 1213 442 1254 est.
479 1214 574 1254 Eam
606 1215 708 1254 enim
730 1214 769 1254 in
802 1214 892 1255 belli
919 1214 1137 1255 societatem
1164 1214 1331 1256 affumfit
1354 1216 1502 1256 Minos.
1530 1229 1575 1257 v.

305 1267 429 1308 ovid.
449 1268 509 1308 M.
529 1268 622 1316 VII,
638 1269 728 1318 464.
751 1267 840 1308 Rex
860 1269 944 1309 eius
957 1269 1201 1321 Lycomedes
1217 1281 1306 1310 ante
1317 1269 1460 1311 bellum
1475 1269 1580 1311 Tro-

305 1322 437 1362 ianum
469 1321 555 1362 satis
580 1323 723 1376 opinor
755 1333 895 1371 notus,
933 1324 989 1363 ob
1014 1323 1178 1363 Achillis
1211 1324 1442 1364 affinitatem.
1466 1323 1577 1364 Con-

305 1375 387 1419 sule
408 1376 572 1417 Statium
595 1377 638 1417 &
658 1375 954 1430 Apollodorum.
971 1377 1052 1426 111,
1081 1392 1126 1418 12
1142 1408 1156 1427 ‚
1181 1375 1217 1418 8.
1243 1376 1387 1432 Pelasgi
1409 1377 1504 1418 olim
1532 1378 1576 1420 &

306 1429 428 1471 Cares
441 1429 659 1471 habuerunt
670 1460 684 1477 ,
701 1441 746 1470 ut
762 1443 811 1470 ex
826 1431 994 1472 Nicolao
1009 1431 1112 1485 apud
1137 1431 1268 1486 Steph.
1288 1431 1449 1473 constat.
1471 1431 1578 1472 Post.
1636 1463 1638 1466 .

307 1496 355 1524 ea
376 1484 558 1539 Dolopes
589 1484 802 1538 praedones
833 1496 1019 1533 tenuere;
1041 1484 1103 1526 sed
1123 1485 1224 1527 hanc
1246 1497 1401 1539 gentem
1427 1486 1580 1540 expulit

263 1555 269 1563 ·
308 1538 483 1588 Cimon,
519 1538 631 1580 cuius
660 1538 744 1579 aaa
779 1539 820 1579 ὅτ
845 1540 1130 1594 expeditionem
1164 1539 1319 1582 tradunt
1349 1539 1578 1589 Diodorus,

308 1591 554 1642 Plutarchus,
580 1592 792 1634 Pausanias.
821 1594 926 1635 Hinc
952 1593 1202 1635 Dicaearcho
1231 1593 1448 1648 Πελασγία.
1472 1591 1581 1636 Σκῦ-

307 1655 380 1700 ρος.
402 1646 618 1689 Thessaliae
641 1647 863 1688 attributam
883 1647 1043 1691 scribere
1062 1648 1215 1689 videtur
1237 1647 1413 1691 Catullus
1429 1648 1470 1688 in
1487 1648 1579 1702 Epi-

307 1700 466 1742 thalam.
491 1702 568 1743 Pel.
593 1702 635 1743 &
658 1701 772 1742 Thet-
794 1703 950 1742 Domum
973 1714 1045 1743 tota
1062 1701 1256 1756 frequentat
1287 1701 1468 1754 Theffillia.
1492 1721 1580 1733 -—·-

309 1757 492 1808 Deserieus
501 1758 643 1809 Scyros.
669 1755 935 1797 Chalcidenses
954 1757 1045 1799 item
1068 1754 1290 1810 poffedifl'e,'
1308 1769 1358 1798 ex
1380 1755 1507 1796 numis
1523 1755 1578 1797 ibi

307 1808 454 1851 effoffis
485 1823 575 1851 cum
601 1811 672 1851 hac
696 1809 942 1872 inscriptione
970 1814 1262 1857 ΧΑΛΚΙΔΕΩΝ.,
1282 1810 1329 1852 de
1378 1810 1493 1851 uibus
1518 1810 1580 1851 adi

309 1862 568 1906 Tournefort.
590 1864 631 1915 Ι,
657 1876 717 1917 35.
739 1862 978 1905 Idem'tradit
998 1865 1057 1904 M.
1079 1863 1325 1906 Heracleota.
1412 1863 1580 1905 mosthe-

309 1918 368 1958 nis
389 1929 568 1975 tempore
590 1917 841 1961 Athenienses
865 1918 1089 1967 obtinuere,
1112 1929 1158 1958 ut
1181 1931 1229 1960 ex
1249 1919 1331 1958 eius
1364 1917 1407 1959 in
1435 1917 1581 1972 Callip-
1632 1959 1634 1961 .

308 1985 403 2027 pum
422 1973 628 2021 oratione,
648 1973 690 2014 δι
714 1973 902 2014 Strabone
928 1972 1061 2027 postea
1078 1971 1164 2012 satis
1185 1971 1344 2014 constat.
1363 1971 1410 2012 In
1434 1971 1528 2012 Phili

339 2026 351 2065 i
372 2026 598 2080 potestatem
622 2026 768 2068 venisse
793 2027 910 2069 credo
933 2027 1032 2068 circa
1049 2026 1103 2069 Ol
1137 2040 1218 2080 mp.
1237 2025 1322 2067 CX.
1345 2024 1452 2067 Dein
1474 2025 1524 2066 be
1551 2037 1580 2066 o

361 2081 569 2122 acedonico
590 2080 657 2122 01.
686 2080 873 2122 CXLVII
899 2081 1092 2121 Athenien
1109 2080 1195 2121 ibus
1219 2078 1428 2120 restitutam
1450 2092 1474 2119 a
1494 2078 1580 2119 Ro·
1632 2100 1638 2108 -

311 2134 436 2174 manis
445 2135 614 2188 ,prodidit
635 2134 817 2176 Valerius
830 2134 976 2175 Antias.
996 2135 1196 2176 Neronem
1211 2134 1393 2174 iuvenem
1416 2133 1470 2172 ibi
1490 2132 1581 2173 hae·

311 2187 411 2283 Pisces,
428 2201 522 2284 nipasb
521 2190 707 2230 certiores
729 2187 819 2230 facit
841 2189 1042 2231 Diodorus
1059 2188 1264 2230 Sardianus
1281 2187 1322 2227 in
1338 2186 1446 2242 Epig.
1469 2185 1581 2242 quod

326 2255 366 2289 lc
401 2256 424 2284 e
523 2253 581 2284 et:

369 2294 576 2351 Ae'yussd‘rov
604 2295 755 2350 Σκύροιο
783 2296 906 2337 λιπὼν
933 2295 1072 2351 πέὲον,
1092 2294 1201 2335 Ἴλιον
1227 2292 1333 2334 ἔπλει»

425 2347 512 2392 Οῗὶς
535 2349 788 2403 Ἀχιλλείθης
815 2350 961 2403 πρόσθε
987 2348 1275 2399 Νεοπτόλεμος,

369 2404 472 2446 Τυΐος
499 2404 535 2446 ἐν
559 2404 756 2455 Αἰνεάὸῃσι
785 2408 928 2444 ΝΕΡΩΝ
956 2404 1057 2457 e'vybf
1084 2400 1185 2442 ἄστυ
1213 2400 1346 2452 Ῥέμοέο

335 2499 337 2501 .
401 2458 579 2510 ,Νεΐτοω,
605 2457 666 2500 ἐπ’
694 2456 847 2513 ὠκυρόην
873 2457 1036 2512 Θύμβριν
1063 2455 1352 2511 ἀμειψάμενος,

528 2558 566 2580 —0
