<?xml version="1.0" encoding="UTF-8"?>
<!DOCTYPE html PUBLIC "-//W3C//DTD XHTML 1.0 Transitional//EN"
    "http://www.w3.org/TR/xhtml1/DTD/xhtml1-transitional.dtd">
<html xmlns="http://www.w3.org/1999/xhtml" xml:lang="en" lang="en">
 <head>
  <title>
</title>
<meta http-equiv="Content-Type" content="text/html;charset=utf-8" />
  <meta name='ocr-system' content='tesseract 3.04.00' />
  <meta name='ocr-capabilities' content='ocr_page ocr_carea ocr_par ocr_line ocrx_word'/>
</head>
<body>
  <div class='ocr_page' id='page_1' title='image "./debellopeloponn01thucuoft_0112.png"; bbox 0 0 1670 3094; ppageno 0'>
   <div class='ocr_carea' id='block_1_1' title="bbox 279 227 1334 281">
    <p class='ocr_par' dir='ltr' id='par_1_1' title="bbox 279 227 1334 281">
     <span class='ocr_line' id='line_1_1' title="bbox 279 227 1334 281; baseline 0.005 -5"><span class='ocrx_word' id='word_1_1' title='bbox 279 239 361 277; x_wconf 75' lang='lat'>‘011</span> <span class='ocrx_word' id='word_1_2' title='bbox 522 227 964 279; x_wconf 63' lang='lat' dir='ltr'><em>&#39;CARANDR</em></span> <span class='ocrx_word' id='word_1_3' title='bbox 1007 231 1334 281; x_wconf 79' lang='lat' dir='ltr'><em>DUKERI</em></span> 
     </span>
    </p>
   </div>
   <div class='ocr_carea' id='block_1_2' title="bbox 255 335 1560 1947">
    <p class='ocr_par' dir='ltr' id='par_1_2' title="bbox 255 335 1556 1947">
     <span class='ocr_line' id='line_1_2' title="bbox 280 335 1554 395; baseline 0.002 -17"><span class='ocrx_word' id='word_1_4' title='bbox 280 335 503 380; x_wconf 64' lang='grc' dir='ltr'><strong><em>Λακωνικῆς.</em></strong></span> <span class='ocrx_word' id='word_1_5' title='bbox 539 338 756 394; x_wconf 73' lang='grc' dir='ltr'><strong><em>Φιλοχωρος</em></strong></span> <span class='ocrx_word' id='word_1_6' title='bbox 775 339 905 395; x_wconf 78' lang='grc' dir='ltr'><strong><em>τρίτῳ.</em></strong></span> <span class='ocrx_word' id='word_1_7' title='bbox 932 340 965 381; x_wconf 81' lang='grc' dir='ltr'>οἱ</span> <span class='ocrx_word' id='word_1_8' title='bbox 989 340 1152 382; x_wconf 68' lang='grc' dir='ltr'>πολίτου</span> <span class='ocrx_word' id='word_1_9' title='bbox 1177 340 1307 391; x_wconf 79' lang='grc' dir='ltr'><strong><em>Θεεις,</em></strong></span> <span class='ocrx_word' id='word_1_10' title='bbox 1338 337 1387 382; x_wconf 73' lang='grc' dir='ltr'>ὣς</span> <span class='ocrx_word' id='word_1_11' title='bbox 1413 340 1554 382; x_wconf 66' lang='lat' dir='ltr'>&amp;ovicv-</span> 
     </span>
     <span class='ocr_line' id='line_1_3' title="bbox 277 401 1556 458; baseline 0.002 -16"><span class='ocrx_word' id='word_1_12' title='bbox 277 401 408 444; x_wconf 46' lang='lat' dir='ltr'>Awm‘</span> <span class='ocrx_word' id='word_1_13' title='bbox 428 402 474 442; x_wconf 92' lang='lat' dir='ltr'>In</span> <span class='ocrx_word' id='word_1_14' title='bbox 491 402 723 456; x_wconf 87' lang='lat' dir='ltr'><strong>Thucydide</strong></span> <span class='ocrx_word' id='word_1_15' title='bbox 745 403 934 458; x_wconf 87' lang='lat' dir='ltr'>nusquam</span> <span class='ocrx_word' id='word_1_16' title='bbox 959 403 1047 444; x_wconf 92' lang='lat' dir='ltr'>sunt</span> <span class='ocrx_word' id='word_1_17' title='bbox 1069 404 1108 444; x_wconf 91' lang='lat' dir='ltr'>hi</span> <span class='ocrx_word' id='word_1_18' title='bbox 1127 403 1264 453; x_wconf 77' lang='grc' dir='ltr'><em>.Θεεῖς,</em></span> <span class='ocrx_word' id='word_1_19' title='bbox 1285 417 1357 447; x_wconf 85' lang='lat' dir='ltr'>nec</span> <span class='ocrx_word' id='word_1_20' title='bbox 1375 405 1556 458; x_wconf 81' lang='lat' dir='ltr'>interpre-</span> 
     </span>
     <span class='ocr_line' id='line_1_4' title="bbox 278 462 1560 520; baseline 0.002 -17"><span class='ocrx_word' id='word_1_21' title='bbox 278 473 338 504; x_wconf 81' lang='lat' dir='ltr'>tes</span> <span class='ocrx_word' id='word_1_22' title='bbox 358 463 541 519; x_wconf 86' lang='lat' dir='ltr'>Stephani</span> <span class='ocrx_word' id='word_1_23' title='bbox 559 465 770 519; x_wconf 83' lang='lat' dir='ltr'>quidquam</span> <span class='ocrx_word' id='word_1_24' title='bbox 797 478 871 506; x_wconf 91' lang='lat' dir='ltr'>nos</span> <span class='ocrx_word' id='word_1_25' title='bbox 898 465 978 507; x_wconf 83' lang='lat' dir='ltr'>de&#39;</span> <span class='ocrx_word' id='word_1_26' title='bbox 969 467 1014 506; x_wconf 76' lang='lat' dir='ltr'>iis</span> <span class='ocrx_word' id='word_1_27' title='bbox 1040 466 1192 518; x_wconf 83' lang='lat' dir='ltr'>docent.</span> <span class='ocrx_word' id='word_1_28' title='bbox 1219 465 1293 506; x_wconf 87' lang='lat' dir='ltr'>Sed</span> <span class='ocrx_word' id='word_1_29' title='bbox 1319 465 1416 506; x_wconf 87' lang='lat' dir='ltr'>mihi</span> <span class='ocrx_word' id='word_1_30' title='bbox 1436 462 1560 520; x_wconf 88' lang='lat' dir='ltr'>suspi-</span> 
     </span>
     <span class='ocr_line' id='line_1_5' title="bbox 278 523 1554 582; baseline 0.002 -17"><span class='ocrx_word' id='word_1_31' title='bbox 278 525 343 566; x_wconf 88' lang='lat' dir='ltr'>cio</span> <span class='ocrx_word' id='word_1_32' title='bbox 367 525 450 574; x_wconf 84' lang='lat' dir='ltr'>est,</span> <span class='ocrx_word' id='word_1_33' title='bbox 482 525 586 566; x_wconf 83' lang='lat' dir='ltr'>hunc</span> <span class='ocrx_word' id='word_1_34' title='bbox 613 526 744 567; x_wconf 90' lang='lat' dir='ltr'>locum</span> <span class='ocrx_word' id='word_1_35' title='bbox 769 523 1043 579; x_wconf 63' lang='grc' dir='ltr'>ὑποβολιμαῖον</span> <span class='ocrx_word' id='word_1_36' title='bbox 1069 526 1169 575; x_wconf 86' lang='lat' dir='ltr'>esse,</span> <span class='ocrx_word' id='word_1_37' title='bbox 1198 528 1240 568; x_wconf 87' lang='lat'>&amp;</span> <span class='ocrx_word' id='word_1_38' title='bbox 1266 527 1400 582; x_wconf 86' lang='lat' dir='ltr'>potius</span> <span class='ocrx_word' id='word_1_39' title='bbox 1424 528 1554 568; x_wconf 90' lang='lat' dir='ltr'>cuivis</span> 
     </span>
     <span class='ocr_line' id='line_1_6' title="bbox 279 583 1551 643; baseline 0.002 -17"><span class='ocrx_word' id='word_1_40' title='bbox 279 586 342 626; x_wconf 86' lang='lat' dir='ltr'>alii</span> <span class='ocrx_word' id='word_1_41' title='bbox 355 583 472 640; x_wconf 87' lang='lat' dir='ltr'>quam</span> <span class='ocrx_word' id='word_1_42' title='bbox 487 587 682 641; x_wconf 88' lang='lat' dir='ltr'>Stephano</span> <span class='ocrx_word' id='word_1_43' title='bbox 703 588 845 629; x_wconf 83' lang='lat' dir='ltr'>deberi.</span> <span class='ocrx_word' id='word_1_44' title='bbox 866 589 1056 630; x_wconf 89' lang='lat' dir='ltr'>Indicium</span> <span class='ocrx_word' id='word_1_45' title='bbox 1077 588 1223 629; x_wconf 85' lang='lat' dir='ltr'>faciunt</span> <span class='ocrx_word' id='word_1_46' title='bbox 1241 602 1306 639; x_wconf 90' lang='lat' dir='ltr'>ea,</span> <span class='ocrx_word' id='word_1_47' title='bbox 1325 603 1430 643; x_wconf 89' lang='lat' dir='ltr'>quae</span> <span class='ocrx_word' id='word_1_48' title='bbox 1449 590 1551 629; x_wconf 87' lang='lat' dir='ltr'>idem</span> 
     </span>
     <span class='ocr_line' id='line_1_7' title="bbox 279 649 1551 704; baseline 0.003 -16"><span class='ocrx_word' id='word_1_49' title='bbox 279 649 321 689; x_wconf 92' lang='lat' dir='ltr'>in</span> <span class='ocrx_word' id='word_1_50' title='bbox 347 649 483 690; x_wconf 70' lang='grc' dir='ltr'>Αὶθιιία,</span> <span class='ocrx_word' id='word_1_51' title='bbox 501 649 649 690; x_wconf 85' lang='lat' dir='ltr'>scribit:</span> <span class='ocrx_word' id='word_1_52' title='bbox 671 651 804 691; x_wconf 64' lang='grc' dir='ltr'>Αἰθιιία.</span> <span class='ocrx_word' id='word_1_53' title='bbox 819 652 932 692; x_wconf 73' lang='grc' dir='ltr'><strong><em>πόλις</em></strong></span> <span class='ocrx_word' id='word_1_54' title='bbox 951 651 1186 701; x_wconf 64' lang='grc' dir='ltr'><strong><em>Λακωνικῆς,</em></strong></span> <span class='ocrx_word' id='word_1_55' title='bbox 1209 651 1282 704; x_wconf 82' lang='grc' dir='ltr'>μίοι</span> <span class='ocrx_word' id='word_1_56' title='bbox 1303 652 1378 693; x_wconf 74' lang='grc' dir='ltr'>τῶν</span> <span class='ocrx_word' id='word_1_57' title='bbox 1400 651 1551 692; x_wconf 76' lang='grc' dir='ltr'>ἑκατόν.</span> 
     </span>
     <span class='ocr_line' id='line_1_8' title="bbox 278 709 1553 767; baseline 0.004 -19"><span class='ocrx_word' id='word_1_58' title='bbox 278 711 500 765; x_wconf 74' lang='grc' dir='ltr'>Φιλὸχωρος</span> <span class='ocrx_word' id='word_1_59' title='bbox 526 711 562 752; x_wconf 67' lang='grc' dir='ltr'>ἐν</span> <span class='ocrx_word' id='word_1_60' title='bbox 586 711 754 752; x_wconf 57' lang='grc' dir='ltr'>Ἀτθίδος</span> <span class='ocrx_word' id='word_1_61' title='bbox 777 713 903 767; x_wconf 83' lang='grc' dir='ltr'><strong><em>τρίτῳ.</em></strong></span> <span class='ocrx_word' id='word_1_62' title='bbox 936 716 979 754; x_wconf 67' lang='grc' dir='ltr'>τὸ</span> <span class='ocrx_word' id='word_1_63' title='bbox 1007 714 1140 755; x_wconf 49' lang='lat' dir='ltr'>{eveniat</span> <span class='ocrx_word' id='word_1_64' title='bbox 1162 713 1354 764; x_wconf 76' lang='grc' dir='ltr'><strong><em>Αἰθοιιεὺς,</em></strong></span> <span class='ocrx_word' id='word_1_65' title='bbox 1383 709 1431 754; x_wconf 74' lang='grc' dir='ltr'>ὧς</span> <span class='ocrx_word' id='word_1_66' title='bbox 1459 721 1553 754; x_wconf 81' lang='grc' dir='ltr'><strong><em>Θου-</em></strong></span> 
     </span>
     <span class='ocr_line' id='line_1_9' title="bbox 276 770 1549 830; baseline 0.005 -20"><span class='ocrx_word' id='word_1_67' title='bbox 276 770 440 812; x_wconf 58' lang='grc' dir='ltr'><strong><em>κυὲίέης</em></strong></span> <span class='ocrx_word' id='word_1_68' title='bbox 465 771 609 826; x_wconf 70' lang='grc' dir='ltr'><strong><em>πρώτῃ.</em></strong></span> <span class='ocrx_word' id='word_1_69' title='bbox 638 773 696 812; x_wconf 82' lang='lat' dir='ltr'>Ex</span> <span class='ocrx_word' id='word_1_70' title='bbox 720 786 771 814; x_wconf 90' lang='lat' dir='ltr'>eo</span> <span class='ocrx_word' id='word_1_71' title='bbox 786 806 796 823; x_wconf 94' lang='lat'>,</span> <span class='ocrx_word' id='word_1_72' title='bbox 823 775 932 828; x_wconf 87' lang='lat' dir='ltr'>quod</span> <span class='ocrx_word' id='word_1_73' title='bbox 961 775 1177 830; x_wconf 85' lang='lat' dir='ltr'>utrobique</span> <span class='ocrx_word' id='word_1_74' title='bbox 1205 774 1479 816; x_wconf 89' lang='lat' dir='ltr'>Philochorum</span> <span class='ocrx_word' id='word_1_75' title='bbox 1505 776 1549 816; x_wconf 89' lang='lat' dir='ltr'>in</span> 
     </span>
     <span class='ocr_line' id='line_1_10' title="bbox 274 831 1548 892; baseline 0.005 -21"><span class='ocrx_word' id='word_1_76' title='bbox 274 831 392 872; x_wconf 88' lang='lat' dir='ltr'>tertio</span> <span class='ocrx_word' id='word_1_77' title='bbox 405 863 416 881; x_wconf 91' lang='lat'>‚</span> <span class='ocrx_word' id='word_1_78' title='bbox 437 831 479 872; x_wconf 70' lang='grc' dir='ltr'>δι</span> <span class='ocrx_word' id='word_1_79' title='bbox 497 833 769 886; x_wconf 83' lang='lat' dir='ltr'>Thucydidem</span> <span class='ocrx_word' id='word_1_80' title='bbox 791 834 904 875; x_wconf 83' lang='lat' dir='ltr'>testes</span> <span class='ocrx_word' id='word_1_81' title='bbox 926 837 1040 886; x_wconf 83' lang='lat' dir='ltr'>citat,</span> <span class='ocrx_word' id='word_1_82' title='bbox 1067 847 1245 890; x_wconf 87' lang='lat' dir='ltr'>apertum</span> <span class='ocrx_word' id='word_1_83' title='bbox 1269 837 1324 878; x_wconf 90' lang='lat' dir='ltr'>est</span> <span class='ocrx_word' id='word_1_84' title='bbox 1337 868 1350 887; x_wconf 90' lang='lat'><strong>‚</strong></span> <span class='ocrx_word' id='word_1_85' title='bbox 1376 848 1548 892; x_wconf 90' lang='lat' dir='ltr'>utroque</span> 
     </span>
     <span class='ocr_line' id='line_1_11' title="bbox 275 893 1549 953; baseline 0.005 -20"><span class='ocrx_word' id='word_1_86' title='bbox 275 893 366 934; x_wconf 87' lang='lat' dir='ltr'>loco</span> <span class='ocrx_word' id='word_1_87' title='bbox 388 895 435 935; x_wconf 92' lang='lat' dir='ltr'>de</span> <span class='ocrx_word' id='word_1_88' title='bbox 461 895 593 936; x_wconf 89' lang='lat' dir='ltr'>eadem</span> <span class='ocrx_word' id='word_1_89' title='bbox 619 896 741 947; x_wconf 91' lang='lat' dir='ltr'>urbe,</span> <span class='ocrx_word' id='word_1_90' title='bbox 770 898 813 939; x_wconf 86' lang='lat'>&amp;</span> <span class='ocrx_word' id='word_1_91' title='bbox 834 897 974 939; x_wconf 90' lang='lat' dir='ltr'>eodem</span> <span class='ocrx_word' id='word_1_92' title='bbox 998 900 1157 940; x_wconf 89' lang='lat' dir='ltr'>nomine</span> <span class='ocrx_word' id='word_1_93' title='bbox 1181 899 1313 953; x_wconf 84' lang='lat' dir='ltr'>gentili</span> <span class='ocrx_word' id='word_1_94' title='bbox 1335 899 1406 953; x_wconf 86' lang='lat' dir='ltr'>agi.</span> <span class='ocrx_word' id='word_1_95' title='bbox 1440 899 1549 940; x_wconf 88' lang='lat' dir='ltr'>Cum</span> 
     </span>
     <span class='ocr_line' id='line_1_12' title="bbox 274 958 1550 1015; baseline 0.003 -19"><span class='ocrx_word' id='word_1_96' title='bbox 274 968 404 998; x_wconf 78' lang='lat' dir='ltr'>autem</span> <span class='ocrx_word' id='word_1_97' title='bbox 428 958 468 998; x_wconf 89' lang='lat' dir='ltr'>in</span> <span class='ocrx_word' id='word_1_98' title='bbox 486 958 721 1012; x_wconf 89' lang='lat' dir='ltr'>Thucydide</span> <span class='ocrx_word' id='word_1_99' title='bbox 736 959 777 1010; x_wconf 88' lang='grc' dir='ltr'>Ι,</span> <span class='ocrx_word' id='word_1_100' title='bbox 801 974 869 1001; x_wconf 81' lang='lat'>101</span> <span class='ocrx_word' id='word_1_101' title='bbox 887 991 899 1010; x_wconf 91' lang='lat'>‚</span> <span class='ocrx_word' id='word_1_102' title='bbox 925 960 1066 1015; x_wconf 86' lang='lat' dir='ltr'>gentile</span> <span class='ocrx_word' id='word_1_103' title='bbox 1082 960 1128 1001; x_wconf 84' lang='lat' dir='ltr'>fit</span> <span class='ocrx_word' id='word_1_104' title='bbox 1147 959 1300 1009; x_wconf 74' lang='grc' dir='ltr'>Ἀθεεῖς,</span> <span class='ocrx_word' id='word_1_105' title='bbox 1325 973 1407 1001; x_wconf 91' lang='lat' dir='ltr'>non</span> <span class='ocrx_word' id='word_1_106' title='bbox 1428 959 1550 1009; x_wconf 72' lang='grc' dir='ltr'><em>Θεεῒς,</em></span> 
     </span>
     <span class='ocr_line' id='line_1_13' title="bbox 275 1021 1548 1076; baseline 0 -16"><span class='ocrx_word' id='word_1_107' title='bbox 275 1033 380 1074; x_wconf 89' lang='lat' dir='ltr'>quos</span> <span class='ocrx_word' id='word_1_108' title='bbox 409 1021 617 1073; x_wconf 69' lang='grc' dir='ltr'><em>περιοίκους</em></span> <span class='ocrx_word' id='word_1_109' title='bbox 644 1021 922 1076; x_wconf 84' lang='lat' dir='ltr'>Spartanorum</span> <span class='ocrx_word' id='word_1_110' title='bbox 946 1033 1099 1071; x_wconf 82' lang='lat' dir='ltr'>vocat,</span> <span class='ocrx_word' id='word_1_111' title='bbox 1132 1022 1251 1063; x_wconf 87' lang='lat' dir='ltr'>altera</span> <span class='ocrx_word' id='word_1_112' title='bbox 1278 1021 1342 1062; x_wconf 86' lang='lat' dir='ltr'>illa</span> <span class='ocrx_word' id='word_1_113' title='bbox 1360 1021 1548 1075; x_wconf 86' lang='lat' dir='ltr'>scriptura</span> 
     </span>
     <span class='ocr_line' id='line_1_14' title="bbox 271 1082 1548 1134; baseline 0.001 -12"><span class='ocrx_word' id='word_1_114' title='bbox 271 1084 353 1122; x_wconf 77' lang='grc' dir='ltr'>Θέοι</span> <span class='ocrx_word' id='word_1_115' title='bbox 378 1083 421 1124; x_wconf 87' lang='lat'>&amp;</span> <span class='ocrx_word' id='word_1_116' title='bbox 443 1083 555 1124; x_wconf 57' lang='lat' dir='ltr'>essi}</span> <span class='ocrx_word' id='word_1_117' title='bbox 572 1083 703 1125; x_wconf 88' lang='lat' dir='ltr'>locum</span> <span class='ocrx_word' id='word_1_118' title='bbox 726 1084 864 1124; x_wconf 87' lang='lat' dir='ltr'>habere</span> <span class='ocrx_word' id='word_1_119' title='bbox 877 1116 890 1134; x_wconf 89' lang='lat'>‚</span> <span class='ocrx_word' id='word_1_120' title='bbox 918 1094 985 1125; x_wconf 89' lang='lat' dir='ltr'>aut</span> <span class='ocrx_word' id='word_1_121' title='bbox 1009 1083 1160 1125; x_wconf 89' lang='lat' dir='ltr'>defendi</span> <span class='ocrx_word' id='word_1_122' title='bbox 1187 1097 1210 1125; x_wconf 91' lang='lat' dir='ltr'>e</span> <span class='ocrx_word' id='word_1_123' title='bbox 1232 1083 1311 1126; x_wconf 87' lang='lat' dir='ltr'>levi</span> <span class='ocrx_word' id='word_1_124' title='bbox 1335 1082 1548 1124; x_wconf 87' lang='lat' dir='ltr'>discrimine</span> 
     </span>
     <span class='ocr_line' id='line_1_15' title="bbox 271 1142 1546 1201; baseline 0.001 -17"><span class='ocrx_word' id='word_1_125' title='bbox 271 1142 339 1184; x_wconf 72' lang='grc' dir='ltr'>τοῦ</span> <span class='ocrx_word' id='word_1_126' title='bbox 351 1159 369 1185; x_wconf 84' lang='grc' dir='ltr'>ε</span> <span class='ocrx_word' id='word_1_127' title='bbox 388 1146 432 1186; x_wconf 69' lang='grc'>8(</span> <span class='ocrx_word' id='word_1_128' title='bbox 447 1161 488 1186; x_wconf 71' lang='grc' dir='ltr'>αι</span> <span class='ocrx_word' id='word_1_129' title='bbox 508 1159 588 1187; x_wconf 91' lang='lat' dir='ltr'>non</span> <span class='ocrx_word' id='word_1_130' title='bbox 607 1145 743 1201; x_wconf 87' lang='lat' dir='ltr'>potest.</span> <span class='ocrx_word' id='word_1_131' title='bbox 767 1147 851 1188; x_wconf 90' lang='lat' dir='ltr'>Nec</span> <span class='ocrx_word' id='word_1_132' title='bbox 869 1147 985 1188; x_wconf 91' lang='lat' dir='ltr'>credo</span> <span class='ocrx_word' id='word_1_133' title='bbox 998 1178 1009 1197; x_wconf 90' lang='lat'>,</span> <span class='ocrx_word' id='word_1_134' title='bbox 1027 1146 1266 1201; x_wconf 88' lang='lat' dir='ltr'>Stephanum</span> <span class='ocrx_word' id='word_1_135' title='bbox 1287 1157 1367 1186; x_wconf 89' lang='lat' dir='ltr'>tam</span> <span class='ocrx_word' id='word_1_136' title='bbox 1386 1144 1546 1200; x_wconf 87' lang='lat' dir='ltr'>supinae</span> 
     </span>
     <span class='ocr_line' id='line_1_16' title="bbox 269 1204 1545 1261; baseline 0.001 -15"><span class='ocrx_word' id='word_1_137' title='bbox 269 1206 525 1261; x_wconf 82' lang='lat' dir='ltr'>negligentiae</span> <span class='ocrx_word' id='word_1_138' title='bbox 555 1207 686 1256; x_wconf 82' lang='lat' dir='ltr'>fuiffe,</span> <span class='ocrx_word' id='word_1_139' title='bbox 709 1218 755 1248; x_wconf 88' lang='lat' dir='ltr'>ut</span> <span class='ocrx_word' id='word_1_140' title='bbox 779 1208 873 1248; x_wconf 85' lang='lat' dir='ltr'>haec</span> <span class='ocrx_word' id='word_1_141' title='bbox 895 1220 944 1248; x_wconf 85' lang='lat' dir='ltr'>ex</span> <span class='ocrx_word' id='word_1_142' title='bbox 970 1207 1098 1248; x_wconf 86' lang='lat' dir='ltr'>iisdem</span> <span class='ocrx_word' id='word_1_143' title='bbox 1123 1207 1341 1248; x_wconf 89' lang='lat' dir='ltr'>Philochori</span> <span class='ocrx_word' id='word_1_144' title='bbox 1366 1207 1408 1255; x_wconf 84' lang='lat'>&amp;</span> <span class='ocrx_word' id='word_1_145' title='bbox 1430 1204 1545 1247; x_wconf 89' lang='lat' dir='ltr'>Thu-</span> 
     </span>
     <span class='ocr_line' id='line_1_17' title="bbox 269 1270 1546 1326; baseline 0 -16"><span class='ocrx_word' id='word_1_146' title='bbox 269 1270 422 1322; x_wconf 81' lang='lat' dir='ltr'>cydidis</span> <span class='ocrx_word' id='word_1_147' title='bbox 448 1271 547 1311; x_wconf 90' lang='lat' dir='ltr'>locis</span> <span class='ocrx_word' id='word_1_148' title='bbox 570 1271 678 1312; x_wconf 90' lang='lat' dir='ltr'>aliter</span> <span class='ocrx_word' id='word_1_149' title='bbox 703 1281 819 1326; x_wconf 88' lang='lat' dir='ltr'>atque</span> <span class='ocrx_word' id='word_1_150' title='bbox 837 1271 946 1312; x_wconf 88' lang='lat' dir='ltr'>aliter</span> <span class='ocrx_word' id='word_1_151' title='bbox 970 1270 1216 1326; x_wconf 85' lang='lat' dir='ltr'>descripserit.</span> <span class='ocrx_word' id='word_1_152' title='bbox 1238 1270 1485 1323; x_wconf 83' lang='lat' dir='ltr'>Phrynichus</span> <span class='ocrx_word' id='word_1_153' title='bbox 1503 1270 1546 1310; x_wconf 63' lang='lat' dir='ltr'>in&gt;</span> 
     </span>
     <span class='ocr_line' id='line_1_18' title="bbox 268 1326 1542 1389; baseline 0 -17"><span class='ocrx_word' id='word_1_154' title='bbox 268 1326 403 1387; x_wconf 83' lang='lat' dir='ltr'>Eclog.</span> <span class='ocrx_word' id='word_1_155' title='bbox 418 1332 592 1374; x_wconf 72' lang='lat' dir='ltr'>Diffion.</span> <span class='ocrx_word' id='word_1_156' title='bbox 618 1333 781 1374; x_wconf 89' lang='lat' dir='ltr'>Atticar.</span> <span class='ocrx_word' id='word_1_157' title='bbox 805 1347 892 1389; x_wconf 88' lang='lat' dir='ltr'>pag.</span> <span class='ocrx_word' id='word_1_158' title='bbox 920 1348 968 1389; x_wconf 83' lang='lat'>50</span> <span class='ocrx_word' id='word_1_159' title='bbox 992 1333 1107 1383; x_wconf 86' lang='lat' dir='ltr'>dicit,</span> <span class='ocrx_word' id='word_1_160' title='bbox 1126 1332 1223 1374; x_wconf 90' lang='lat' dir='ltr'>sein</span> <span class='ocrx_word' id='word_1_161' title='bbox 1247 1333 1356 1374; x_wconf 85' lang='lat' dir='ltr'>nullo</span> <span class='ocrx_word' id='word_1_162' title='bbox 1373 1333 1542 1387; x_wconf 87' lang='lat' dir='ltr'>probato</span> 
     </span>
     <span class='ocr_line' id='line_1_19' title="bbox 266 1392 1543 1450; baseline 0 -16"><span class='ocrx_word' id='word_1_163' title='bbox 266 1392 451 1449; x_wconf 88' lang='lat' dir='ltr'>scriptore</span> <span class='ocrx_word' id='word_1_164' title='bbox 478 1394 665 1436; x_wconf 86' lang='lat' dir='ltr'>inveniffe</span> <span class='ocrx_word' id='word_1_165' title='bbox 688 1396 778 1436; x_wconf 69' lang='grc' dir='ltr'>κατ’</span> <span class='ocrx_word' id='word_1_166' title='bbox 805 1395 915 1436; x_wconf 78' lang='grc' dir='ltr'><strong><em>ἐκεῖνο</em></strong></span> <span class='ocrx_word' id='word_1_167' title='bbox 942 1394 1094 1448; x_wconf 59' lang='grc' dir='ltr'><strong><em>καιροῦ,</em></strong></span> <span class='ocrx_word' id='word_1_168' title='bbox 1118 1394 1181 1436; x_wconf 88' lang='lat' dir='ltr'>sed</span> <span class='ocrx_word' id='word_1_169' title='bbox 1204 1405 1344 1450; x_wconf 88' lang='lat' dir='ltr'>putare</span> <span class='ocrx_word' id='word_1_170' title='bbox 1368 1395 1407 1434; x_wconf 91' lang='lat' dir='ltr'>in</span> <span class='ocrx_word' id='word_1_171' title='bbox 1429 1394 1543 1435; x_wconf 90' lang='lat' dir='ltr'>Thu-</span> 
     </span>
     <span class='ocr_line' id='line_1_20' title="bbox 265 1455 1542 1510; baseline -0.001 -15"><span class='ocrx_word' id='word_1_172' title='bbox 265 1455 417 1507; x_wconf 85' lang='lat' dir='ltr'>cydidis</span> <span class='ocrx_word' id='word_1_173' title='bbox 438 1456 501 1496; x_wconf 89' lang='lat' dir='ltr'>lib.</span> <span class='ocrx_word' id='word_1_174' title='bbox 514 1456 614 1498; x_wconf 88' lang='lat' dir='ltr'><strong>VIII</strong></span> <span class='ocrx_word' id='word_1_175' title='bbox 634 1456 708 1510; x_wconf 82' lang='lat' dir='ltr'>legi</span> <span class='ocrx_word' id='word_1_176' title='bbox 731 1457 823 1496; x_wconf 68' lang='grc' dir='ltr'>κατ’</span> <span class='ocrx_word' id='word_1_177' title='bbox 845 1455 958 1496; x_wconf 74' lang='grc' dir='ltr'><strong><em>ἐκεῖνο</em></strong></span> <span class='ocrx_word' id='word_1_178' title='bbox 981 1455 1051 1496; x_wconf 78' lang='grc' dir='ltr'>τοῦ</span> <span class='ocrx_word' id='word_1_179' title='bbox 1070 1455 1210 1510; x_wconf 68' lang='grc' dir='ltr'><strong><em>καιροῦ.</em></strong></span> <span class='ocrx_word' id='word_1_180' title='bbox 1229 1456 1390 1510; x_wconf 85' lang='lat' dir='ltr'>Itaque,</span> <span class='ocrx_word' id='word_1_181' title='bbox 1404 1455 1433 1495; x_wconf 77' lang='lat' dir='ltr'>st</span> <span class='ocrx_word' id='word_1_182' title='bbox 1454 1455 1542 1510; x_wconf 78' lang='lat' dir='ltr'>quis</span> 
     </span>
     <span class='ocr_line' id='line_1_21' title="bbox 265 1515 1540 1568; baseline 0 -12"><span class='ocrx_word' id='word_1_183' title='bbox 265 1516 385 1558; x_wconf 89' lang='lat' dir='ltr'>huius</span> <span class='ocrx_word' id='word_1_184' title='bbox 404 1517 632 1559; x_wconf 64' lang='lat' dir='ltr'>auetoritate</span> <span class='ocrx_word' id='word_1_185' title='bbox 659 1518 780 1558; x_wconf 85' lang='lat' dir='ltr'>fretus</span> <span class='ocrx_word' id='word_1_186' title='bbox 800 1518 854 1557; x_wconf 85' lang='lat' dir='ltr'>ita</span> <span class='ocrx_word' id='word_1_187' title='bbox 875 1518 1000 1559; x_wconf 89' lang='lat' dir='ltr'>dicere</span> <span class='ocrx_word' id='word_1_188' title='bbox 1021 1517 1143 1568; x_wconf 89' lang='lat' dir='ltr'>velit,</span> <span class='ocrx_word' id='word_1_189' title='bbox 1168 1518 1204 1559; x_wconf 91' lang='lat' dir='ltr'>ei</span> <span class='ocrx_word' id='word_1_190' title='bbox 1230 1517 1443 1558; x_wconf 87' lang='lat' dir='ltr'>addendum</span> <span class='ocrx_word' id='word_1_191' title='bbox 1463 1515 1540 1557; x_wconf 85' lang='lat' dir='ltr'>effe</span> 
     </span>
     <span class='ocr_line' id='line_1_22' title="bbox 265 1577 1540 1634; baseline -0.002 -16"><span class='ocrx_word' id='word_1_192' title='bbox 265 1579 477 1620; x_wconf 88' lang='lat' dir='ltr'>articulum</span> <span class='ocrx_word' id='word_1_193' title='bbox 503 1577 583 1620; x_wconf 78' lang='grc' dir='ltr'>τοῦ.</span> <span class='ocrx_word' id='word_1_194' title='bbox 616 1581 708 1620; x_wconf 87' lang='lat' dir='ltr'>Hoc</span> <span class='ocrx_word' id='word_1_195' title='bbox 733 1580 910 1620; x_wconf 75' lang='lat' dir='ltr'>Thomas</span> <span class='ocrx_word' id='word_1_196' title='bbox 929 1579 1111 1634; x_wconf 84' lang='lat' dir='ltr'>Magister</span> <span class='ocrx_word' id='word_1_197' title='bbox 1134 1579 1215 1620; x_wconf 88' lang='lat' dir='ltr'>aliis</span> <span class='ocrx_word' id='word_1_198' title='bbox 1241 1580 1288 1619; x_wconf 90' lang='lat' dir='ltr'>de</span> <span class='ocrx_word' id='word_1_199' title='bbox 1313 1577 1384 1619; x_wconf 90' lang='lat' dir='ltr'>suo</span> <span class='ocrx_word' id='word_1_200' title='bbox 1408 1577 1540 1618; x_wconf 86' lang='lat' dir='ltr'>additis</span> 
     </span>
     <span class='ocr_line' id='line_1_23' title="bbox 265 1639 1537 1698; baseline -0.001 -17"><span class='ocrx_word' id='word_1_201' title='bbox 265 1641 321 1681; x_wconf 85' lang='lat' dir='ltr'>ita</span> <span class='ocrx_word' id='word_1_202' title='bbox 343 1643 575 1683; x_wconf 80' lang='lat' dir='ltr'>exornavit:</span> <span class='ocrx_word' id='word_1_203' title='bbox 595 1642 686 1682; x_wconf 68' lang='grc' dir='ltr'>κατ’</span> <span class='ocrx_word' id='word_1_204' title='bbox 711 1642 820 1683; x_wconf 77' lang='grc' dir='ltr'><strong><em>ἐκεῖνο</em></strong></span> <span class='ocrx_word' id='word_1_205' title='bbox 840 1642 909 1682; x_wconf 70' lang='grc' dir='ltr'>τοῦ</span> <span class='ocrx_word' id='word_1_206' title='bbox 922 1642 1055 1698; x_wconf 69' lang='grc' dir='ltr'><strong><em>καιροῦ</em></strong></span> <span class='ocrx_word' id='word_1_207' title='bbox 1077 1642 1223 1689; x_wconf 74' lang='grc' dir='ltr'>βέλτιον</span> <span class='ocrx_word' id='word_1_208' title='bbox 1243 1642 1387 1696; x_wconf 67' lang='grc' dir='ltr'>λέγειν,</span> <span class='ocrx_word' id='word_1_209' title='bbox 1410 1641 1430 1682; x_wconf 69' lang='grc' dir='ltr'>ἢ</span> <span class='ocrx_word' id='word_1_210' title='bbox 1447 1639 1537 1681; x_wconf 57' lang='grc' dir='ltr'>κατ’</span> 
     </span>
     <span class='ocr_line' id='line_1_24' title="bbox 261 1703 1539 1761; baseline -0.002 -17"><span class='ocrx_word' id='word_1_211' title='bbox 261 1703 398 1746; x_wconf 72' lang='grc' dir='ltr'><strong><em>ἐκείνου</em></strong></span> <span class='ocrx_word' id='word_1_212' title='bbox 427 1706 533 1761; x_wconf 84' lang='lat' dir='ltr'>(leg.</span> <span class='ocrx_word' id='word_1_213' title='bbox 557 1704 702 1759; x_wconf 75' lang='grc' dir='ltr'>ἐκεῖνο)</span> <span class='ocrx_word' id='word_1_214' title='bbox 726 1703 867 1759; x_wconf 69' lang='grc' dir='ltr'><strong><em>καιροῦ.</em></strong></span> <span class='ocrx_word' id='word_1_215' title='bbox 894 1706 951 1746; x_wconf 72' lang='grc' dir='ltr'>ἀεὶ</span> <span class='ocrx_word' id='word_1_216' title='bbox 974 1709 1058 1759; x_wconf 61' lang='grc' dir='ltr'>γὰρ</span> <span class='ocrx_word' id='word_1_217' title='bbox 1078 1707 1185 1758; x_wconf 69' lang='grc' dir='ltr'>μετὰ</span> <span class='ocrx_word' id='word_1_218' title='bbox 1207 1705 1333 1759; x_wconf 67' lang='grc' dir='ltr'><strong><em>ἄρθρου</em></strong></span> <span class='ocrx_word' id='word_1_219' title='bbox 1356 1703 1539 1744; x_wconf 50' lang='grc' dir='ltr'>Θουκυδί-</span> 
     </span>
     <span class='ocr_line' id='line_1_25' title="bbox 263 1765 1538 1822; baseline -0.001 -15"><span class='ocrx_word' id='word_1_220' title='bbox 263 1765 339 1808; x_wconf 59' lang='lat'><em>8125</em></span> <span class='ocrx_word' id='word_1_221' title='bbox 361 1766 495 1821; x_wconf 67' lang='grc' dir='ltr'>λέγεις</span> <span class='ocrx_word' id='word_1_222' title='bbox 521 1767 630 1822; x_wconf 82' lang='lat' dir='ltr'>quasl</span> <span class='ocrx_word' id='word_1_223' title='bbox 649 1768 830 1809; x_wconf 87' lang='lat' dir='ltr'>crebrum</span> <span class='ocrx_word' id='word_1_224' title='bbox 852 1767 898 1807; x_wconf 77' lang='lat' dir='ltr'>sit</span> <span class='ocrx_word' id='word_1_225' title='bbox 925 1768 964 1807; x_wconf 88' lang='lat' dir='ltr'>in</span> <span class='ocrx_word' id='word_1_226' title='bbox 980 1767 1215 1821; x_wconf 87' lang='lat' dir='ltr'>Thucydide</span> <span class='ocrx_word' id='word_1_227' title='bbox 1234 1767 1312 1808; x_wconf 91' lang='lat' dir='ltr'>hoc</span> <span class='ocrx_word' id='word_1_228' title='bbox 1333 1779 1455 1821; x_wconf 90' lang='lat' dir='ltr'>genus</span> <span class='ocrx_word' id='word_1_229' title='bbox 1476 1766 1538 1806; x_wconf 88' lang='lat' dir='ltr'>lo-</span> 
     </span>
     <span class='ocr_line' id='line_1_26' title="bbox 259 1829 1536 1886; baseline 0 -17"><span class='ocrx_word' id='word_1_230' title='bbox 259 1830 425 1882; x_wconf 89' lang='lat' dir='ltr'>quendi,</span> <span class='ocrx_word' id='word_1_231' title='bbox 450 1831 552 1886; x_wconf 89' lang='lat' dir='ltr'>apud</span> <span class='ocrx_word' id='word_1_232' title='bbox 574 1844 692 1885; x_wconf 89' lang='lat' dir='ltr'>quem</span> <span class='ocrx_word' id='word_1_233' title='bbox 721 1830 797 1871; x_wconf 91' lang='lat' dir='ltr'>hoc</span> <span class='ocrx_word' id='word_1_234' title='bbox 829 1829 967 1881; x_wconf 86' lang='lat' dir='ltr'>semel,</span> <span class='ocrx_word' id='word_1_235' title='bbox 989 1831 1107 1885; x_wconf 87' lang='lat' dir='ltr'>idque</span> <span class='ocrx_word' id='word_1_236' title='bbox 1134 1829 1311 1871; x_wconf 88' lang='lat' dir='ltr'>nonnihil</span> <span class='ocrx_word' id='word_1_237' title='bbox 1335 1829 1536 1876; x_wconf 87' lang='lat' dir='ltr'>dubitans,</span> 
     </span>
     <span class='ocr_line' id='line_1_27' title="bbox 255 1891 1534 1947; baseline 0.002 -16"><span class='ocrx_word' id='word_1_238' title='bbox 255 1891 297 1931; x_wconf 85' lang='lat' dir='ltr'>se</span> <span class='ocrx_word' id='word_1_239' title='bbox 319 1891 448 1946; x_wconf 80' lang='lat' dir='ltr'>legiss&#39;e</span> <span class='ocrx_word' id='word_1_240' title='bbox 471 1894 559 1935; x_wconf 89' lang='lat' dir='ltr'>dicit</span> <span class='ocrx_word' id='word_1_241' title='bbox 580 1894 838 1947; x_wconf 86' lang='lat' dir='ltr'>Phrynichus.</span> <span class='ocrx_word' id='word_1_242' title='bbox 879 1894 951 1935; x_wconf 91' lang='lat' dir='ltr'>Sed</span> <span class='ocrx_word' id='word_1_243' title='bbox 976 1907 1055 1936; x_wconf 87' lang='lat' dir='ltr'>non</span> <span class='ocrx_word' id='word_1_244' title='bbox 1083 1894 1263 1943; x_wconf 84' lang='lat' dir='ltr'>memini,</span> <span class='ocrx_word' id='word_1_245' title='bbox 1289 1906 1352 1934; x_wconf 90' lang='lat' dir='ltr'>me</span> <span class='ocrx_word' id='word_1_246' title='bbox 1383 1892 1449 1933; x_wconf 88' lang='lat' dir='ltr'>vel</span> <span class='ocrx_word' id='word_1_247' title='bbox 1469 1892 1534 1933; x_wconf 85' lang='lat' dir='ltr'>lib.</span> 
     </span>
    </p>
   </div>
   <div class='ocr_carea' id='block_1_3' title="bbox 260 1954 1546 2017">
    <p class='ocr_par' dir='ltr' id='par_1_3' title="bbox 260 1954 1546 2017">
     <span class='ocr_line' id='line_1_28' title="bbox 260 1954 1546 2017; baseline -0.001 -23"><span class='ocrx_word' id='word_1_248' title='bbox 260 1954 379 2004; x_wconf 88' lang='lat' dir='ltr'>VIII,</span> <span class='ocrx_word' id='word_1_249' title='bbox 409 1956 475 1998; x_wconf 94' lang='lat' dir='ltr'>vel</span> <span class='ocrx_word' id='word_1_250' title='bbox 493 1955 655 2010; x_wconf 87' lang='lat' dir='ltr'>usquam</span> <span class='ocrx_word' id='word_1_251' title='bbox 682 1957 772 1997; x_wconf 88' lang='lat' dir='ltr'>alibi</span> <span class='ocrx_word' id='word_1_252' title='bbox 792 1957 832 1997; x_wconf 88' lang='lat' dir='ltr'>in</span> <span class='ocrx_word' id='word_1_253' title='bbox 855 1957 933 1997; x_wconf 91' lang='lat' dir='ltr'>hoc</span> <span class='ocrx_word' id='word_1_254' title='bbox 957 1955 1141 2011; x_wconf 87' lang='lat' dir='ltr'>scriptore</span> <span class='ocrx_word' id='word_1_255' title='bbox 1165 1956 1291 2009; x_wconf 87' lang='lat' dir='ltr'>legere</span> <span class='ocrx_word' id='word_1_256' title='bbox 1308 1954 1397 1995; x_wconf 68' lang='grc' dir='ltr'>κατ’</span> <span class='ocrx_word' id='word_1_257' title='bbox 1421 1954 1546 2017; x_wconf 25' lang='grc' dir='ltr'>ἐκεῖνο,</span> 
     </span>
    </p>
   </div>
   <div class='ocr_carea' id='block_1_4' title="bbox 261 2014 1536 2072">
    <p class='ocr_par' dir='ltr' id='par_1_4' title="bbox 261 2014 1536 2072">
     <span class='ocr_line' id='line_1_29' title="bbox 261 2014 1536 2072; baseline 0.001 -16"><span class='ocrx_word' id='word_1_258' title='bbox 261 2014 332 2056; x_wconf 75' lang='grc' dir='ltr'>τοῦ</span> <span class='ocrx_word' id='word_1_259' title='bbox 354 2017 485 2072; x_wconf 70' lang='grc' dir='ltr'><strong><em>καιροῦ</em></strong></span> <span class='ocrx_word' id='word_1_260' title='bbox 497 2034 505 2059; x_wconf 91' lang='lat'><strong>:</strong></span> <span class='ocrx_word' id='word_1_261' title='bbox 526 2018 641 2060; x_wconf 86' lang='lat' dir='ltr'>semel</span> <span class='ocrx_word' id='word_1_262' title='bbox 665 2029 815 2060; x_wconf 89' lang='lat' dir='ltr'>tantum</span> <span class='ocrx_word' id='word_1_263' title='bbox 841 2019 941 2068; x_wconf 84' lang='lat' dir='ltr'>VII,</span> <span class='ocrx_word' id='word_1_264' title='bbox 960 2034 1006 2068; x_wconf 88' lang='lat'>2,</span> <span class='ocrx_word' id='word_1_265' title='bbox 1027 2019 1159 2059; x_wconf 87' lang='lat' dir='ltr'>inveni</span> <span class='ocrx_word' id='word_1_266' title='bbox 1184 2020 1292 2058; x_wconf 66' lang='grc' dir='ltr'>κατὰ</span> <span class='ocrx_word' id='word_1_267' title='bbox 1315 2015 1427 2058; x_wconf 76' lang='grc' dir='ltr'>τοῦτο</span> <span class='ocrx_word' id='word_1_268' title='bbox 1450 2031 1536 2057; x_wconf 69' lang='lat' dir='ltr'>mt-</span> 
     </span>
    </p>
   </div>
   <div class='ocr_carea' id='block_1_5' title="bbox 260 2076 1546 2135">
    <p class='ocr_par' dir='ltr' id='par_1_5' title="bbox 260 2076 1546 2135">
     <span class='ocr_line' id='line_1_30' title="bbox 260 2076 1546 2135; baseline 0 -17"><span class='ocrx_word' id='word_1_269' title='bbox 260 2078 334 2132; x_wconf 75' lang='grc' dir='ltr'>ροῦ.</span> <span class='ocrx_word' id='word_1_270' title='bbox 353 2079 488 2121; x_wconf 83' lang='lat' dir='ltr'>suidas</span> <span class='ocrx_word' id='word_1_271' title='bbox 503 2094 664 2135; x_wconf 91' lang='lat' dir='ltr'>quoque</span> <span class='ocrx_word' id='word_1_272' title='bbox 678 2082 866 2121; x_wconf 88' lang='lat' dir='ltr'>interdum</span> <span class='ocrx_word' id='word_1_273' title='bbox 881 2079 1107 2121; x_wconf 85' lang='lat' dir='ltr'>testimoniis</span> <span class='ocrx_word' id='word_1_274' title='bbox 1122 2078 1365 2132; x_wconf 84' lang='lat' dir='ltr'>Thucydidis</span> <span class='ocrx_word' id='word_1_275' title='bbox 1386 2076 1546 2119; x_wconf 86' lang='lat' dir='ltr'>confir--</span> 
     </span>
    </p>
   </div>
   <div class='ocr_carea' id='block_1_6' title="bbox 254 2138 1532 2504">
    <p class='ocr_par' dir='ltr' id='par_1_6' title="bbox 254 2138 1532 2504">
     <span class='ocr_line' id='line_1_31' title="bbox 259 2138 1532 2197; baseline -0.001 -17"><span class='ocrx_word' id='word_1_276' title='bbox 259 2151 481 2196; x_wconf 85' lang='lat' dir='ltr'>mat,quae</span> <span class='ocrx_word' id='word_1_277' title='bbox 501 2142 691 2197; x_wconf 86' lang='lat' dir='ltr'>nusquam</span> <span class='ocrx_word' id='word_1_278' title='bbox 714 2143 756 2182; x_wconf 92' lang='lat' dir='ltr'>in</span> <span class='ocrx_word' id='word_1_279' title='bbox 777 2156 828 2183; x_wconf 91' lang='lat' dir='ltr'>eo</span> <span class='ocrx_word' id='word_1_280' title='bbox 854 2142 1054 2196; x_wconf 87' lang='lat' dir='ltr'>leguntur:</span> <span class='ocrx_word' id='word_1_281' title='bbox 1073 2142 1182 2182; x_wconf 87' lang='lat' dir='ltr'>cuius</span> <span class='ocrx_word' id='word_1_282' title='bbox 1204 2141 1355 2195; x_wconf 85' lang='lat' dir='ltr'>generis</span> <span class='ocrx_word' id='word_1_283' title='bbox 1378 2139 1463 2180; x_wconf 91' lang='lat' dir='ltr'>sunt</span> <span class='ocrx_word' id='word_1_284' title='bbox 1474 2138 1532 2180; x_wconf 83' lang='lat' dir='ltr'>se-</span> 
     </span>
     <span class='ocr_line' id='line_1_32' title="bbox 259 2199 1531 2257; baseline -0.002 -14"><span class='ocrx_word' id='word_1_285' title='bbox 259 2204 430 2257; x_wconf 88' lang='lat' dir='ltr'>quentia.</span> <span class='ocrx_word' id='word_1_286' title='bbox 444 2205 723 2256; x_wconf 73' lang='grc' dir='ltr'><strong><em>Διαβοὺλομοιι,</em></strong></span> <span class='ocrx_word' id='word_1_287' title='bbox 740 2204 945 2244; x_wconf 57' lang='grc' dir='ltr'><em>ἀναπείσω.</em></span> <span class='ocrx_word' id='word_1_288' title='bbox 964 2202 1217 2243; x_wconf 61' lang='lat' dir='ltr'>oovnvsisnc.</span> <span class='ocrx_word' id='word_1_289' title='bbox 1239 2199 1531 2253; x_wconf 68' lang='grc' dir='ltr'><strong><em>Διαλέγουσοιν,</em></strong></span> 
     </span>
     <span class='ocr_line' id='line_1_33' title="bbox 257 2261 1532 2320; baseline -0.003 -15"><span class='ocrx_word' id='word_1_290' title='bbox 257 2264 581 2319; x_wconf 58' lang='grc' dir='ltr'><strong><em>ὃιοικοέομουσοιν.</em></strong></span> <span class='ocrx_word' id='word_1_291' title='bbox 600 2267 733 2320; x_wconf 72' lang='grc' dir='ltr'><strong><em>λέγειν</em></strong></span> <span class='ocrx_word' id='word_1_292' title='bbox 754 2268 835 2320; x_wconf 60' lang='grc' dir='ltr'>’γὰρ</span> <span class='ocrx_word' id='word_1_293' title='bbox 853 2281 897 2306; x_wconf 90' lang='grc' dir='ltr'>το</span> <span class='ocrx_word' id='word_1_294' title='bbox 919 2264 1114 2316; x_wconf 54' lang='grc' dir='ltr'>οἰκοδομε</span> <span class='ocrx_word' id='word_1_295' title='bbox 1096 2280 1136 2305; x_wconf 86' lang='grc' dir='ltr'>ιν.</span> <span class='ocrx_word' id='word_1_296' title='bbox 1152 2263 1438 2316; x_wconf 60' lang='grc' dir='ltr'><strong><em>κοιιὸιοιλέγου,</em></strong></span> <span class='ocrx_word' id='word_1_297' title='bbox 1451 2261 1532 2302; x_wconf 55' lang='grc' dir='ltr'><strong><em>διο-</em></strong></span> 
     </span>
     <span class='ocr_line' id='line_1_34' title="bbox 254 2325 1528 2402; baseline -0.004 -34"><span class='ocrx_word' id='word_1_298' title='bbox 254 2329 405 2382; x_wconf 79' lang='grc' dir='ltr'>ρύττου,</span> <span class='ocrx_word' id='word_1_299' title='bbox 420 2329 669 2370; x_wconf 58' lang='grc' dir='ltr'><strong><em>Θουκυὸίέης.</em></strong></span> <span class='ocrx_word' id='word_1_300' title='bbox 684 2328 781 2369; x_wconf 89' lang='lat' dir='ltr'>Item</span> <span class='ocrx_word' id='word_1_301' title='bbox 804 2330 844 2367; x_wconf 89' lang='lat' dir='ltr'>in</span> <span class='ocrx_word' id='word_1_302' title='bbox 860 2327 980 2381; x_wconf 66' lang='grc' dir='ltr'>λέγωε</span> <span class='ocrx_word' id='word_1_303' title='bbox 1006 2327 1256 2380; x_wconf 63' lang='grc' dir='ltr'>ὃιοιλέγουσι,</span> <span class='ocrx_word' id='word_1_304' title='bbox 1271 2325 1528 2402; x_wconf 34' lang='grc' dir='ltr'>ὃιορύᾳττουσιὶ</span> 
     </span>
     <span class='ocr_line' id='line_1_35' title="bbox 257 2386 1528 2442; baseline -0.002 -12"><span class='ocrx_word' id='word_1_305' title='bbox 257 2391 509 2432; x_wconf 64' lang='lat' dir='ltr'>oovnvsa&#39;snf.</span> <span class='ocrx_word' id='word_1_306' title='bbox 548 2392 628 2432; x_wconf 86' lang='lat' dir='ltr'>Et</span> <span class='ocrx_word' id='word_1_307' title='bbox 618 2404 659 2431; x_wconf 89' lang='lat' dir='ltr'>m</span> <span class='ocrx_word' id='word_1_308' title='bbox 683 2386 1151 2431; x_wconf 62' lang='lat' dir='ltr'>26766221:o0vnvsisn5·</span> <span class='ocrx_word' id='word_1_309' title='bbox 1183 2403 1241 2442; x_wconf 78' lang='grc' dir='ltr'>χε</span> <span class='ocrx_word' id='word_1_310' title='bbox 1244 2403 1335 2439; x_wconf 78' lang='grc' dir='ltr'><strong><em>ιμων</em></strong></span> <span class='ocrx_word' id='word_1_311' title='bbox 1366 2403 1430 2437; x_wconf 81' lang='lat' dir='ltr'>nv,</span> <span class='ocrx_word' id='word_1_312' title='bbox 1461 2403 1528 2427; x_wconf 83' lang='grc' dir='ltr'><strong><em>κοιι</em></strong></span> 
     </span>
     <span class='ocr_line' id='line_1_36' title="bbox 255 2447 1522 2504; baseline -0.005 -11"><span class='ocrx_word' id='word_1_313' title='bbox 255 2468 337 2494; x_wconf 78' lang='grc' dir='ltr'>τοις</span> <span class='ocrx_word' id='word_1_314' title='bbox 359 2453 555 2495; x_wconf 60' lang='grc' dir='ltr'><strong><em>Ἀθηναίοις</em></strong></span> <span class='ocrx_word' id='word_1_315' title='bbox 579 2455 642 2494; x_wconf 88' lang='grc' dir='ltr'>τον</span> <span class='ocrx_word' id='word_1_316' title='bbox 667 2451 832 2504; x_wconf 72' lang='grc' dir='ltr'><strong><em>πολεμον</em></strong></span> <span class='ocrx_word' id='word_1_317' title='bbox 858 2447 1011 2491; x_wconf 75' lang='grc' dir='ltr'>οιυτὸθεν</span> <span class='ocrx_word' id='word_1_318' title='bbox 1037 2466 1119 2490; x_wconf 64' lang='grc' dir='ltr'>ποις</span> <span class='ocrx_word' id='word_1_319' title='bbox 1121 2450 1230 2492; x_wconf 62' lang='grc' dir='ltr'><strong><em>ισδαι</em></strong></span> <span class='ocrx_word' id='word_1_320' title='bbox 1252 2447 1367 2491; x_wconf 77' lang='grc' dir='ltr'>ου’τως</span> <span class='ocrx_word' id='word_1_321' title='bbox 1385 2448 1522 2489; x_wconf 56' lang='lat' dir='ltr'>{senen</span> 
     </span>
    </p>
   </div>
   <div class='ocr_carea' id='block_1_7' title="bbox 255 2511 1526 2569">
    <p class='ocr_par' dir='ltr' id='par_1_7' title="bbox 255 2511 1526 2569">
     <span class='ocr_line' id='line_1_37' title="bbox 255 2511 1526 2569; baseline -0.006 -11"><span class='ocrx_word' id='word_1_322' title='bbox 255 2515 385 2559; x_wconf 85' lang='lat' dir='ltr'>rursus</span> <span class='ocrx_word' id='word_1_323' title='bbox 405 2515 628 2560; x_wconf 75' lang='grc' dir='ltr'><strong><em>Ἀνέσποικε.</em></strong></span> <span class='ocrx_word' id='word_1_324' title='bbox 653 2514 902 2558; x_wconf 63' lang='lat' dir='ltr'>oounvsisnc.</span> <span class='ocrx_word' id='word_1_325' title='bbox 929 2513 1145 2569; x_wconf 76' lang='grc' dir='ltr'>ἁνεύρηκεν,</span> <span class='ocrx_word' id='word_1_326' title='bbox 1166 2512 1303 2564; x_wconf 73' lang='grc' dir='ltr'>εἴληφε.</span> <span class='ocrx_word' id='word_1_327' title='bbox 1323 2513 1366 2554; x_wconf 89' lang='lat'>&amp;</span> <span class='ocrx_word' id='word_1_328' title='bbox 1388 2511 1526 2565; x_wconf 64' lang='grc' dir='ltr'><strong><em>Χέὸρο·</em></strong></span> 
     </span>
    </p>
   </div>
  </div>
 </body>
</html>
