1670 3094
268 168 366 225 '394
474 155 1354 215 ANNOTAATIONES

266 265 422 296 veteres
447 253 607 294 mentio.
637 251 701 293 Ad
730 251 834 294 hunc
861 252 995 294 locum
1032 253 1224 308 pertinent
1242 285 1255 304 ‚
1280 267 1385 309 quae
1413 253 1545 297 Schol.

267 307 468 363 Aristoph.
492 307 640 348 Nubib.
676 321 777 359 407,
801 309 845 349 &
875 321 926 348 ex
962 321 1013 349 eo
1039 308 1200 356 Suidas,
1221 308 1358 349 habet:
1392 310 1546 350 Διάσια.

264 359 451 413 Ἀθήνῃσιν
472 360 574 416 ἑορτὴ
595 361 801 414 Μειλιχίου
824 361 924 402 Διός.
946 363 1031 403 Nec
1049 361 1213 402 Athenis
1229 362 1380 412 solum,
1393 363 1454 404 sed
1477 362 1550 403 ali-

268 416 310 457 bi
331 429 495 473 quoque
516 416 667 457 cultum
690 414 798 456 fuiffe
820 415 961 457 Iovem
992 415 1194 470 Μειλίχιον
1216 416 1366 458 constat
1394 430 1446 457 ex
1470 417 1518 457 iis
1531 446 1546 465 ‚

268 469 1553 578 ‘⁶³2¹ffifissssnfiffffiafflg·„2333gffliiifi‘r’ngtffigufifflu}352?

271 579 322 619 ad
335 578 499 619 Anthoi.
517 577 657 618 Graec.
671 576 714 625 Ι,
736 589 751 615 1
766 607 778 626 ‚
794 589 833 626 4.
850 575 889 616 A
917 577 1085 618 ollonius
1105 555 1386 628 Acharnenfiffi
1409 578 1548 620 Gram-

270 633 436 673 maticus
465 632 628 686 opinor,
654 630 757 685 apud
782 630 910 671 Scho.
937 630 1067 671 Aristo
1093 631 1132 671 h.
1157 632 1181 672 1.
1214 632 1251 672 d.
1273 632 1408 673 Diafia
1440 645 1463 673 a
1488 633 1551 675 die

271 686 370 727 festo
394 686 503 727 Iovis
526 685 687 726 Milichii
713 683 860 725 diversa
882 683 959 726 effe
985 685 1067 726 dice
1093 696 1142 725 at.
1172 685 1288 738 Quas
1309 686 1426 728 huius
1458 685 1551 727 sen·

272 741 415 780 tentiae
443 741 612 781 rationes
642 738 841 788 habuerit,
871 751 952 779 non
977 739 1078 779 addit
1105 739 1342 784 Scholiastes.
1369 740 1443 781 Sed
1471 753 1551 794 ego

271 795 313 889 idi}
339 794 535 888 hiss·rebus
559 792 784 846 Thucydidi
805 793 950 844 tutius,
969 807 1088 848 quam
1115 793 1334 848 Apollonio
1358 794 1438 845 illi,
1464 807 1550 839 cre·⁴

331 862 371 890 ar
402 859 510 889 itror.
800 860 805 864 ·

333 906 409 943 ead.
427 905 452 942 t.
477 903 515 943 8.
538 897 630 956 οὐχ
653 900 787 955 ἱερεῖα,
810 901 918 941 ἀλλὰ
937 888 1135 954 θύμασι)
1162 902 1255 943 vid.
1277 900 1480 944 Kuhnium
1502 900 1560 945 aci
1642 951 1647 959 ‚

274 956 419 997 Polluc.
440 957 480 1005 Ι,
504 957 565 997 26.
591 958 739 997 WAss.
767 954 1004 997 Castellanus
1035 956 1075 996 in
1104 956 1170 996 lib.
1194 956 1241 997 de
1265 955 1383 999 Festis
1409 955 1554 997 Graec.

274 1011 323 1051 de
348 1010 492 1051 -Diafiis
513 1023 632 1065 agens
660 1023 742 1051 non
764 1009 928 1052 obscure
948 1009 1162 1073 fignificat,
1185 1009 1257 1050 fibi
1281 1009 1419 1050 falsum
1443 1009 1555 1050 vide·

274 1066 333 1113 ri,
355 1066 463 1120 quod
485 1064 546 1105 hic
575 1064 701 1105 scribit
729 1064 954 1117 Thucydid.
989 1077 1029 1104 m
1056 1064 1198 1105 Diafiis
1223 1077 1305 1105 non
1332 1063 1559 1107 immolatas
1640 1091 1653 1107 ;

274 1118 385 1160 fuiffe
412 1119 552 1160 hostias
575 1118 769 1160 animales.
805 1120 896 1159 Hoc
917 1119 1088 1173 primum
1116 1129 1228 1173 putat
1254 1117 1401 1159 ostendi
1424 1131 1448 1158 e
1473 1118 1555 1158 Xe·-

275 1173 399 1229 noph.
422 1185 601 1215 extremo
619 1172 674 1213 lib
698 1173 779 1213 VII
800 1173 928 1219 ’Aust
945 1173 1015 1213 ubi
1040 1172 1226 1227 scriptum
1244 1171 1323 1222 est,
1345 1171 1557 1213 Athenien-

275 1227 333 1268 ses
356 1228 449 1270 Iovi
470 1227 646 1269 Milichio
663 1240 774 1267 more
791 1227 924 1280 >patrio
947 1226 1122 1268 viffimas
1143 1226 1387 1275 ὁλοκαυτεῖν,
1403 1226 1447 1265 &
1471 1226 1557 1266 Xe·
1619 1252 1622 1258 ν
1644 1267 1646 1269 ,

276 1281 523 1337 nophontem
544 1295 594 1323 ex
611 1281 689 1322 hoc
712 1294 823 1321 more
842 1281 934 1321 Deo
954 1281 1007 1320 illi
1029 1280 1173 1322 solidos
1196 1293 1339 1335 porcos
1357 1278 1557 1322 cremasse.
1639 1299 1647 1314 »

277 1337 433 1378 Verum
457 1336 711 1389 Thucydides
734 1335 781 1376 de
802 1334 940 1375 Diafiis
963 1335 1070 1376 Iovis
1095 1335 1255 1376 Milichii
1269 1363 1285 1384 ,
1309 1347 1412 1389 quae
1433 1333 1558 1374 Athe-

277 1391 337 1431 nis
370 1392 582 1445 agebantur
602 1421 615 1440 ,
649 1402 732 1430 non
766 1389 812 1430 de
837 1389 1018 1430 omnibus
1053 1390 1156 1430 illius
1188 1389 1300 1430 sacris
1318 1419 1331 1437 ‚
1357 1400 1459 1442 quae
1487 1386 1561 1428 vet
1638 1386 1649 1422 s

279 1445 468 1493 Athenis,
490 1445 558 1487 vel
576 1444 666 1485 alibi
691 1443 836 1484 fiebant
849 1475 864 1492 ,
882 1444 1069 1498 loquitur.
1093 1443 1177 1484 Nec
1198 1456 1250 1484 ex
1271 1455 1323 1484 eo
1337 1473 1351 1493 ‚
1372 1441 1480 1496 quod
1498 1441 1560 1483 illi.-

279 1499 364 1540 aliis
389 1499 485 1541 locis
516 1513 562 1541 ac
586 1498 830 1553 temporibus
863 1498 1010 1540 hostiae
1037 1497 1304 1539 manabantur
1317 1527 1330 1546 ,
1361 1495 1556 1550 sequitur,
1644 1518 1648 1528 =

277 1554 381 1595 idem
410 1555 450 1594 in
473 1553 613 1594 Diafiis
635 1551 779 1593 fastum
802 1551 926 1594 fuiffe.
948 1552 1104 1593 Deinde
1132 1551 1283 1607 profert
1308 1551 1441 1593 locum
1466 1550 1558 1592 Ari·
1645 1581 1647 1583 -

279 1608 476 1663 stophanis
489 1638 500 1656 ‚
523 1609 592 1662 qui
619 1607 762 1648 Nubib.
789 1620 868 1659 407
893 1605 1144 1661 Strepsiadem
1166 1606 1313 1646 inducit
1341 1604 1527 1645 dicentem
1541 1635 1556 1655 ‚

282 1663 500 1705 Amo-imm
519 1663 653 1703 ὤπτων
673 1661 859 1715 ’γαστέρα
877 1660 955 1700 τοῖς
979 1660 1221 1714 συγγενέσι,
1244 1660 1288 1700 δι
1307 1671 1359 1699 ex
1382 1671 1433 1699 eo
1457 1670 1554 1699 con-

278 1716 386 1767 ficit,
408 1715 658 1758 Athenienses
678 1716 769 1756 Iovi
790 1714 971 1755 Milichio
993 1713 1135 1755 Diasiis
1156 1731 1224 1754 non
1244 1726 1378 1753 tantum
1396 1713 1557 1752 libamen·

281 1774 329 1811 tis
340 1771 476 1825 ftcffl,
489 1772 555 1823 fid
574 1771 732 1810 νὶὲἶίηιας
751 1784 878 1824 quoque
899 1768 1081 1821 immolasti
1102 1770 1218 1808 videri.
1235 1767 1308 1808 Sed
1337 1778 1418 1807 non
1442 1765 1561 1806 firma

281 1825 337 1866 est
359 1827 456 1866 haec
475 1824 784 1879 argumentatio:
812 1823 1045 1878 Strepstades
1073 1822 1316 1878 propinquos
1325 1819 1429 1860 *suos
1457 1819 1557 1860 Dia-

282 1879 344 1920 fiis
365 1881 559 1920 convivio
580 1878 757 1932 excepit,
782 1876 831 1917 iis
851 1891 901 1918 ue
924 1890 1100 1917 ventrem
1133 1875 1253 1917 assum
1277 1873 1477 1930 apposuit;
1499 1886 1561 1914 er·
1636 1883 1641 1886 ·

283 1947 338 1986 go
363 1933 504 1974 Diafiis
522 1933 614 1974 Iovi
637 1932 813 1973 Milichio
837 1931 952 1986 ιερεῖοι
974 1931 1018 1972 81.
1038 1930 1218 1971 viffimae
1237 1929 1555 1970 immolabantur.
1620 1928 1627 1938 ‘

283 1988 369 2028 Nec
390 1988 444 2028 est
457 2019 469 2037 ‚
490 1987 598 2042 quod
619 1987 706 2041 quis
732 1986 850 2034 dicat,
871 1995 1024 2026 veteres
1046 1984 1133 2040 post
1158 1997 1241 2024 rem
1263 1983 1431 2023 divinam
1460 1994 1559 2022 con-

283 2042 394 2083 vivia
415 2041 461 2082 de
489 2041 664 2096 partibus
684 2039 931 2081 viEtimarum
951 2038 1159 2088 instruere,
1180 2039 1222 2079 δι
1239 2046 1427 2091 cognatos
1454 2036 1559 2075 ami·
1639 2039 1651 2058 ⁴³

284 2095 430 2149 eosque
450 2097 500 2135 ad
518 2109 563 2135 ea
587 2108 733 2136 vocare
753 2093 889 2134 solitos
907 2091 1030 2134 fuiffe.
1050 2093 1191 2147 Neque
1218 2092 1322 2132 enim
1340 2090 1428 2130 ideo
1456 2089 1559 2129 affir-

285 2151 383 2191 mari
403 2148 549 2204 potest,
574 2162 710 2188 omnes
723 2179 734 2196 ‚
753 2148 821 2202 qui
840 2147 974 2189 diebus
1001 2145 1101 2188 festis
1121 2146 1306 2188 convivia
1331 2143 1530 2201 agitabant
1544 2173 1560 2192 ,
1645 2159 1649 2162 ⁴

286 2204 353 2244 vel
371 2203 472 2258 ipsos
497 2203 541 2243 iis
560 2202 694 2243 diebus
718 2201 821 2243 sacra
848 2201 995 2250 fecisse,
1017 2201 1083 2241 vel
1104 2200 1290 2241 convivia
1313 2197 1376 2238 illa
1400 2197 1447 2237 de
1467 2209 1560 2252 par·
1639 2207 1642 2221 ⁵

284 2258 391 2299 tibus
410 2257 660 2299 vietimarum
683 2256 890 2310 apparasse.
911 2256 972 2296 Ne
993 2254 1116 2296 dicam
1129 2285 1141 2303 ‚
1160 2253 1253 2294 nihil
1279 2251 1450 2299 obstare,
1503 2263 1561 2312 uo

287 2313 420 2353 minus
440 2310 569 2354 iisdem
587 2310 658 2351 illis
673 2309 827 2358 Diafiis‚
841 2322 1074 2364 quamquam
1090 2320 1138 2348 ea
1157 2307 1359 2370 praecipue
1376 2305 1468 2346 Iovi
1542 2326 1560 2336 -
1645 2306 1663 2347 f.

286 2366 405 2407 lichio
426 2364 532 2410 sacra
553 2374 685 2412 erant,
708 2373 841 2403 tamen
859 2364 974 2403 etiam
997 2362 1077 2402 aliis
1101 2361 1189 2402 Diis
1212 2360 1317 2401 sacra
1339 2359 1471 2400 hostiis
1489 2356 1562 2398 fie-
1639 2394 1644 2398 .

287 2421 323 2460 ri
344 2420 552 2475 potuerint.
575 2419 710 2460 Suidas
731 2417 884 2471 quidem
903 2417 943 2456 in
971 2418 1062 2456 Διδς
1091 2413 1224 2456 κώθων
1251 2423 1440 2454 memorat
1473 2410 1562 2466 pel·
1639 2422 1662 2458 ἢ

288 2474 343 2515 les
370 2473 616 2519 viffimarum
648 2473 739 2514 Iovi
768 2470 960 2526 Μειλιχίῳ
990 2470 1033 2512 &
1069 2470 1218 2520 Κτησίῳ
1247 2467 1559 2515 immolatarum,
1647 2468 1667 2524 εξ
