1670 3094
311 177 408 227 304
520 161 1392 216 ANNOTATIONES

309 250 560 346 ssovsreferre
585 262 767 308 oportet,
789 254 966 308 cogimur
988 252 1215 309 scripturam
1249 255 1419 300 nostram
1444 256 1587 300 retine·

308 319 365 347 re.
420 316 546 348 ΤΕΡΗ.
1564 324 1569 330 ⁴

363 364 438 400 ead.
465 361 491 400 l.
525 373 582 411 15.
601 360 844 411 Πλείσταις)
865 361 931 403 De
952 361 1136 412 leffione,
1161 376 1265 417 quae
1287 362 1343 403 est
1362 364 1402 404 in
1424 377 1588 407 contex-

309 423 356 454 tu
369 445 382 462 ‚
401 414 564 455 dubitari
587 428 668 454 non
692 414 838 468 potest,
857 428 945 456 cum
965 415 1050 456 satis
1074 428 1169 458 nota
1191 416 1238 456 sit
1262 417 1402 472 ellipsis
1423 432 1587 473 praepo—

309 467 462 508 fitionis
490 467 558 509 σὺν
581 482 670 509 cum
695 468 913 510 huiusmodi
940 469 1124 511 Dativis:
1151 482 1190 511 at
1223 471 1414 512 πλεῖστος
1429 503 1442 522 ,
1475 473 1585 527 quod

311 535 396 562 mar
423 522 475 561 ini
501 521 730 575 adscriptum
754 522 831 572 est,
854 523 902 563 ab
930 523 1006 564 hoc
1035 524 1126 566 loco
1148 525 1261 579 plane
1296 525 1466 566 alienum
1491 527 1588 567 iudi-

311 589 374 615 co.
418 587 522 615 DEM.
549 576 596 616 In
618 575 771 616 Camer.
802 575 919 617 adseri
947 588 986 619 ta
1006 589 1088 618 erat
1120 579 1383 634 interpretatio
1401 611 1414 630 ,
1440 580 1584 622 dietum

312 629 389 669 hoc
419 628 519 679 effe,
546 630 875 684 quemadmodum
900 591 1019 678 illud,
1046 632 1230 672 πλεῖστος
1255 631 1306 684 'tii
1332 633 1506 685 svvo'elaea.

368 683 459 735 Pag.
487 684 548 724 16.
575 685 602 720 l.
626 684 662 742 {-
679 684 838 732 Εἰἠσειν)
860 684 906 724 In
927 684 1092 726 leffione
1110 686 1270 740 margini
1298 686 1484 741 adscripta
1502 688 1587 729 red·
1655 694 1659 697 '

312 736 433 777 undat
456 737 603 778 vocula
628 738 689 777 ὡν.
715 738 866 779 STEPH.
888 738 1034 779 Versus
1051 740 1216 780 Homeri
1241 739 1295 780 est
1312 741 1358 781 11.
1387 741 1437 790 β’,
1464 742 1549 782 108.

367 794 441 830 ead.
456 792 498 886 6l.
525 806 563 846 9.
588 791 787 842 Μυκῆναι)
816 793 906 833 Huc
930 792 1092 848 respexit
1117 793 1344 836 Scholiastes
1368 795 1587 850 Hermoge-

313 844 373 885 nis
420 875 428 884 .
486 860 522 886 2.
551 847 698 886 WAss.
1584 876 1588 881 .

369 859 462 952 [²¹23.
489 913 550 952 17.
572 899 597 939 l.
629 913 663 954 ς.
690 899 870 950 Πόλεως)
891 901 954 940 Ne
973 900 1079 942 hunc
1108 901 1263 963 quidem
1290 901 1422 942 locum
1443 903 1588 943 articu-

311 951 356 993 lo
381 966 513 994 carere
542 952 648 1007 posse
670 953 872 996 existimo:
898 955 1065 996 articulo
1084 970 1151 998 της
1168 985 1180 1005 ,
1204 957 1388 1010 inquam,
1411 967 1500 997 ante
1523 970 1589 1010 ge-

313 1006 483 1048 nitivum
505 1008 663 1049 πόλεως.
683 1007 770 1048 Cur
794 1019 924 1050 autem
946 1009 985 1048 id
1006 1010 1154 1059 dicam,
1175 1010 1241 1050 vel
1261 1009 1345 1065 ipsa
1366 1010 1591 1066 interpreta-

313 1061 372 1101 tio
396 1061 533 1102 Latina
557 1061 644 1101 satis
665 1060 850 1104 ostendet.
875 1063 1028 1104 STEPH.

368 1119 443 1155 ead.
471 1117 494 1154 l.
518 1117 554 1156 6.
580 1115 847 1171 Πολυτελέσι)
869 1116 1075 1173 Exscripstt
1095 1116 1222 1159 Schol.
1249 1117 1383 1158 Suidas
1408 1117 1449 1158 in
1467 1129 1591 1159 πολυ-

314 1169 437 1211 τελές.
457 1171 602 1210 ΨΑες.

369 1226 444 1264 ead.
479 1224 504 1264 l.
529 1223 565 1263 8.
595 1221 824 1278 Ἀθηναίων)
853 1223 915 1264 Ita
940 1223 1028 1266 Mff.
1054 1223 1227 1280 semper,
1255 1237 1455 1280 nunquam
1485 1225 1589 1266 Ἀδε-
1666 1229 1670 1250 ’-

315 1277 448 1327 veiim,
461 1288 505 1317 ut
527 1279 638 1318 numi
659 1288 823 1319 veteres.
842 1279 968 1319 lom.
987 1279 1036 1319 Et
1053 1279 1337 1333 Inscriptiones.
1364 1279 1439 1320 vid.
1463 1279 1588 1334 Span-

313 1332 417 1372 hem.
440 1331 486 1372 de
515 1331 719 1373 Praestant.
747 1332 789 1372 &
821 1332 904 1374 Usu
925 1332 1115 1376 Numism.
1138 1333 1335 1377 Dissertat.
1365 1333 1426 1383 Π,
1447 1347 1485 1387 p.
1512 1333 1589 1386 89,

318 1399 384 1439 92.
410 1385 564 1426 Salmas.
584 1387 633 1426 ad
652 1385 823 1441 Inscript.
848 1387 994 1429 Herod.
1014 1387 1099 1428 Att.
1126 1402 1165 1443 p.
1189 1388 1240 1429 68
1260 1386 1364 1442 seqq.
1383 1386 1589 1430 Montfau·

313 1453 407 1480 con.
430 1440 626 1494 Palaeogr.
651 1440 791 1482 Graec.
815 1455 854 1502 p.
882 1455 956 1493 127
977 1442 1020 1484 δι
1044 1441 1147 1496 seqq.

370 1494 463 1547 Pag.
498 1495 558 1534 18.
587 1496 610 1534 l.
643 1507 677 1547 3.
710 1500 902 1547 Κοσμησοιι
922 1495 939 1550 )
963 1495 1063 1537 Cod.
1086 1496 1157 1538 Gr.
1186 1491 1394 1548 κοσμῇσειν
1422 1494 1471 1536 ad
1502 1494 1590 1550 sup-

313 1547 498 1602 plendum
521 1548 679 1589 hiatum.
706 1548 815 1588 male.
840 1551 986 1591 WAss.

371 1605 447 1643 ead.
471 1603 495 1642 l.
518 1618 556 1652 4.
589 1602 723 1643 Χιλίων
748 1603 814 1643 καὶ
839 1603 1076 1658 διακοσίων)
1107 1602 1306 1645 Scholiast.
1334 1602 1398 1644 hic
1427 1615 1477 1643 ex
1501 1602 1591 1643 Ho-
1666 1611 1670 1614 ”

314 1669 453 1706 mero,
479 1666 524 1698 ut
561 1657 614 1697 ait
633 1688 646 1707 ‚
679 1656 893 1698 MCLXVI
925 1668 1117 1698 numerat.
1146 1657 1369 1698 Eustathius
1396 1656 1443 1697 ad
1466 1655 1510 1696 11.
1537 1656 1592 1706 β’,

316 1711 395 1762 358
408 1742 421 1758 ,
443 1724 493 1751 ex
520 1710 713 1765 Catalogo
739 1711 905 1752 Homeri
933 1711 1236 1753 MCLXXXVI.
1267 1711 1389 1752 Varie
1411 1710 1591 1765 proditus

314 1764 371 1804 est
389 1777 585 1806 numerus.
607 1766 700 1806 Vid.
729 1765 844 1806 Cerd.
870 1765 916 1806 ad
940 1767 1054 1820 Virg.
1075 1766 1112 1806 Π
1138 1765 1240 1806 Aen.
1274 1765 1371 1819 198,
1396 1764 1438 1805 δι
1466 1764 1594 1805 Mezi-

313 1819 407 1858 riac.
434 1819 483 1859 ad
495 1818 615 1860 Ovid.
639 1818 757 1872 Epist.
778 1820 980 1862 Hermion.
1027 1851 1035 1861 .
1068 1833 1155 1875 3¹9·
1177 1819 1242 1860 De
1258 1819 1505 1860 Boeotorum
1525 1830 1592 1858 na·
1642 1826 1652 1835 ·

316 1873 435 1966 ν’ὼιίιζ
451 1873 512 1967 ἓίὶ
529 1874 814 1968 apud6Poetam
835 1875 875 1914 in
900 1834 1039 1916 Catai’o
1066 1887 1094 1915 o
1111 1889 1154 1916 v.
1177 1875 1249 1924 16,
1269 1873 1312 1914 δι
1331 1873 1379 1914 de
1402 1870 1594 1913 Philoae·
1655 1925 1660 1928 .

315 1938 381 1967 tae
437 1941 450 1966 1
477 1957 486 1967 .
513 1943 551 1968 v.
584 1942 632 1968 22
664 1958 673 1967 .

382 1984 459 2020 ead.
486 1981 512 2021 l.
542 1981 578 2023 8.
611 1978 840 2036 Αὗτερέτιιι)
867 1982 1086 2024 Secundum
1118 1981 1298 2036 vulgatas
1319 1979 1486 2022 Pollucis
1512 1978 1591 2019 edi-

313 2034 446 2074 tiones
465 2034 670 2089 legendum
694 2035 786 2076 effet
813 2036 1032 2091 ἀντερέτειι,
1056 2049 1138 2078 non
1159 2035 1237 2076 sine
1260 2034 1460 2076 manifesto
1477 2045 1591 2073 erro·
1658 2086 1660 2092 y

314 2101 371 2130 re.
401 2088 502 2128 Nam
531 2087 737 2144 αὔτερέτω·
756 2089 891 2131 dicitur
905 2123 917 2140 ,
972 2089 1054 2131 uasa
1078 2091 1147 2144 qui
1169 2089 1215 2130 sit
1235 2084 1350 2129 afforte
1373 2085 1496 2136 ἑαυτῷ
1517 2085 1591 2139 ἐρέ-

316 2156 399 2182 της.
426 2141 609 2183 Musaeus
641 2154 770 2184 autem
795 2149 903 2196 (non
929 2145 940 2184 i
968 2158 991 2185 e
1013 2145 1194 2198 antiquus
1225 2145 1368 2197 ροᾶῐε,
1393 2152 1438 2182 ut
1464 2139 1591 2194 vulgo
1650 2194 1651 2198 Ἰ

315 2196 508 2244 creditur,
535 2195 597 2237 sed
625 2197 722 2238 alius
757 2198 890 2239 multis
921 2197 1053 2239 seculis
1076 2196 1295 2252 posterior)
1329 2197 1370 2236 in
1393 2195 1465 2236 suo
1494 2196 1593 2248 po&-

317 2250 442 2290 matio
462 2263 535 2305 pro
558 2247 760 2305 αὖτερέτης
782 2251 826 2292 ὢν
848 2251 941 2292 dixit
963 2247 1078 2292 adacte
1096 2251 1160 2292 ἐὰν
1180 2251 1326 2303 ἐρέτης,
1342 2251 1383 2289 in
1405 2249 1484 2289 hoc
1500 2259 1593 2288 ver·
1646 2294 1648 2296 v

318 2303 385 2351 su,
409 2299 530 2345 Αὗτδς-
547 2304 611 2345 ἐὼν
631 2304 756 2359 ἐρέτης
769 2336 781 2354 ,
798 2301 1053 2354 aeranem,
1071 2300 1410 2355 αὖτόμαιτοςνηῧς.
1433 2302 1588 2343 STEPH.

319 2357 460 2398 Pollux
483 2357 510 2398 l.
539 2373 555 2398 1
573 2389 586 2409 ,
609 2370 643 2399 c.
677 2372 745 2397 ιιι
768 2355 980 2413 Αὕτερέτοις
1005 2359 1085 2403 (ita
1109 2359 1211 2399 enim
1238 2357 1384 2411 legend.
1411 2370 1463 2398 ex
1489 2354 1592 2398 Cod.

318 2411 517 2466 Palatino)
537 2411 776 2453 oovnvsisnf
796 2412 965 2464 ὧνὸμοισε
985 2411 1072 2453 τοὺς
1089 2413 1154 2454 και)
1176 2406 1395 2466 ἑρέττοντοις
1407 2411 1475 2451 και)
1496 2409 1591 2449 ἀπο-

318 2469 578 2520 μαχομένων
595 2466 763 2523 περίνεως
778 2466 825 2508 ὃὲ
842 2466 1053 2509 nazaraeae
1065 2478 1206 2509 σιλλουε
1223 2466 1435 2515 ἐπιβάταις.
1450 2466 1592 2507 Hum-
1642 2506 1643 2510 ,
1664 2473 1670 2479 ·
