1670 3094
280 190 443 238 'LXXII
545 189 651 237 ΝΟ
670 190 752 237 TI
767 190 892 238 ΤΙΑ
924 190 1352 244 LITERARIA

353 307 390 349 7.
414 294 556 342 Liber
577 295 613 342 Ι.
642 296 773 343 Paris.
801 312 937 359 1535.
968 314 1012 358 4.
1034 297 1076 345 86
1099 311 1291 346 curante
1319 301 1411 347 Vico
1434 301 1559 350 Win-

271 368 439 431 semio,
472 368 657 416 Witeb.
690 372 824 428 1562.
851 388 892 430 4.

353 442 394 485 8.
409 439 595 485 Periclis
616 439 828 486 funebris
846 440 1058 488 laudatio
1081 459 1260 499 eorum,
1281 444 1368 505 qui
1386 444 1436 489 in
1451 444 1559 491 bel·-

283 513 334 561 lo
358 514 686 560 occubuerunt
701 548 714 571 ,
734 530 795 561 ex
819 514 967 561 Libro
995 516 1293 578 Thucydidis
1323 517 1552 565 secundo.

284 583 419 638 Paris.
447 586 582 644 1605.
604 605 648 646 4.

353 672 398 717 9.
427 657 725 721 Thucydidis
742 659 991 705 Orationes
1011 675 1124 706 cum
1142 661 1562 708 animadverfioni-

289 731 380 779 bus
414 730 457 778 86
484 733 648 779 Indice
670 733 769 780 Car.
788 734 897 780 Lud.
916 736 1096 782 Baueri.
1133 736 1326 797 Lipfiae.
1354 739 1493 795 1758.
1516 738 1560 785 8.

377 820 447 851 10.
487 806 783 869 Thucydidis
799 842 812 864 ,
846 809 1053 855 Platonis
1069 844 1083 868 ,
1119 810 1280 874 Lysiae
1318 810 1362 857 8c
1393 812 1563 858 Xeno-

287 877 480 940 phontis
507 879 738 926 orationes
767 878 987 928 funebres
1003 915 1019 940 ,
1045 897 1157 930 cum
1180 884 1304 931 notis
1320 882 1559 948 Anglicis,

288 950 455 995 Oxon.
477 950 612 1005 1768.
631 952 673 997 8.

291 1077 516 1142 Ediciones
539 1079 796 1143 Thucydidis
817 1079 1149 1129 Graecolatinae
1167 1099 1262 1129 cum
1276 1083 1462 1130 Scholiis
1486 1099 1566 1132 an-

452 1161 583 1223 tiquis
601 1161 643 1207 dr
666 1163 947 1210 recentiorum
965 1163 1407 1227 animadve'sfionibus.

364 1285 402 1316 1.
420 1271 607 1318 Henricz'
620 1273 842 1337 Stephani,
859 1271 917 1320 A.
941 1273 1075 1332 1588.
1094 1273 1172 1319 fol.
1193 1275 1243 1320 in
1260 1289 1354 1335 qua
1364 1274 1567 1339 Thucy*

294 1343 428 1390 dides
440 1343 537 1406 ipse
551 1343 592 1391 86
602 1343 789 1391 Scholia
801 1345 987 1409 singulis
997 1346 1176 1409 paginis
1190 1343 1394 1391 subiec'ia
1409 1361 1564 1391 emen.-

293 1417 449 1463 datius
475 1433 536 1463 ex
563 1417 661 1463 fide
686 1416 817 1464 MSS.
839 1417 980 1464 codd.
1001 1418 1313 1476 exhibentur,
1345 1416 1388 1465 86
1417 1418 1568 1464 Vallao

294 1490 464 1537 Latina
477 1490 624 1536 versio
641 1490 853 1538 secundis
874 1492 993 1538 curis
1011 1492 1072 1537 ad
1093 1491 1291 1540 Graecos
1313 1491 1466 1540 fontes
1488 1508 1567 1538 ca·-

296 1562 478 1625 fiigata,
497 1561 674 1610 adieffia
686 1563 902 1611 eiusdem
918 1564 1142 1627 Stephani
1162 1564 1490 1626 proparasceve
1504 1563 1567 1613 ad

296 1634 555 1683 leffionem
577 1636 898 1696 Scholiorum,
929 1637 971 1684 8c
988 1637 1285 1685 uberioribus
1306 1638 1368 1684 ad
1388 1637 1567 1686 librum

296 1712 509 1774 primum
526 1745 541 1770 ,
570 1711 612 1758 86
641 1712 868 1758 maiorem
895 1712 1089 1759 secundi
1106 1723 1291 1774 partem
1315 1721 1348 1770 ¹,
1367 1723 1567 1759 annota-

297 1786 537 1843 tionibus,
565 1786 739 1848 quibus
769 1785 811 1832 86
835 1785 1143 1849 Thucydides
1173 1785 1294 1847 ipse,
1322 1783 1565 1832 &Scholia

296 1858 595 1906 illustrantur.
610 1858 851 1907 Praemiffa
869 1859 932 1906 est
945 1859 1039 1907 vita
1055 1857 1351 1921 Thucydidis
1368 1874 1428 1904 ex
1439 1858 1569 1907 Mar-

300 1931 473 1978 cellino
498 1948 609 1978 curn
635 1932 688 1978 Is.
718 1932 982 1980 Casauboni
1008 1932 1217 1979 versione
1241 1930 1283 1976 86
1313 1931 1569 1994 castigatio-

297 2005 465 2063 nibus,
496 2004 537 2051 86
553 2003 758 2052 subie&a
781 2007 883 2052 Iobi
902 2003 1074 2052 Veratii
1101 2015 1374 2068 argumenta
1398 2003 1568 2049 oratio-

298 2092 423 2124 num
440 2077 829 2139 concionumque
842 2078 1167 2141 Thucydidis,
1187 2077 1397 2137 denique
1417 2075 1568 2121 Chro-

302 2149 495 2213 nologia
504 2150 826 2212 Thucydidis,
843 2163 987 2211 atque
1003 2160 1277 2214 argumenta
1292 2148 1525 2196 librorum
1542 2163 1571 2194 a

302 2223 488 2272 Davide
505 2224 740 2286 Chytraeo
757 2224 1049 2272 concinnata.

364 2354 382 2381 1
413 2339 593 2382 Testatur
614 2339 652 2381 se
674 2341 727 2381 H.
746 2340 905 2401 Stepha-
968 2352 1065 2400 num
1089 2339 1129 2379 in
1151 2337 1429 2398 Thucydidem-
1449 2335 1571 2377 Scho-

306 2408 382 2438 nus
414 2395 514 2437 hanc
542 2395 656 2435 telam
687 2393 904 2448 abrupisse,
967 2394 1019 2433 ha
1047 2406 1120 2442 ue,
1135 2393 1177 2433 &
1195 2393 1242 2433 ad
1265 2394 1358 2436 haec
1381 2402 1495 2435 enam
1511 2403 1574 2435 ac·

305 2450 416 2511 quod
433 2463 483 2489 ex
502 2449 628 2490 Gallia
642 2449 906 2489 &Germania
968 2460 1012 2492 ce
1042 2460 1193 2495 ionum.

305 2506 393 2560 ipes*
403 2505 439 2546 ei
456 2502 556 2546 fa&a
568 2502 660 2545 effet
671 2502 906 2547 emendatio-
