1670 3094
306 201 403 247 274
513 181 1381 230 ANNOTATIONES

303 271 390 325 post
414 271 663 326 proponam)
695 283 783 311 cum
812 269 962 324 alioqui
996 269 1118 310 videri
1140 268 1254 323 poffit
1281 269 1483 311 dicendum
1505 285 1578 326 po·

303 326 379 366 tius
398 325 494 375 effe,
512 324 586 366 τῶν
614 324 709 364 ὀκτὼ
731 327 776 365 το
810 324 969 378 πρῶτον.
1002 323 1187 364 Ceterum
1222 323 1271 363 ad
1299 337 1505 365 numerum
1529 326 1577 365 li·

302 379 467 420 brorum
495 379 737 431 Thucydidis
768 379 875 432 quod
909 379 1043 418 attinet
1057 408 1070 424 ‚
1100 377 1274 418 discimus
1302 391 1352 418 ex
1394 377 1577 420 Diodoro

302 433 456 483 Siculo,
482 432 667 486 quosdam
701 433 784 473 eius
816 432 1009 472 historiam
1047 444 1128 472 non
1158 433 1198 471 in
1229 430 1323 472 0610
1354 442 1504 473 tantum
1528 433 1575 473 li-

303 486 422 535 bros,
449 485 512 526 sed
534 488 574 526 in
595 499 741 526 novem
763 486 924 539 partitos
950 484 1036 526 effe.
1061 485 1202 526 Scribit
1225 486 1327 526 enim
1350 486 1451 526 libro
1479 487 1575 527 XIII
1643 511 1646 515 .

303 540 393 580 suae
419 539 623 580 historicae
650 539 937 581 Bibliothecae:
963 538 1039 578 Τῶν
1066 538 1114 580 δὲ
1152 539 1412 593 συγγραφέων
1436 546 1576 579 &ovav-

267 610 272 614 ’
305 594 424 634 ὃίὲιις
437 594 507 644 μὲν
529 595 594 634 τὴν
619 592 778 646 ἱστορίαν
798 592 1044 645 κατέστρεψε
1058 621 1069 640 ,
1091 594 1307 646 περιλαβὼν
1329 591 1463 647 χρόνον
1484 593 1575 636 ἑτῶν

305 647 360 687 κθ
378 648 412 687 ἐν
431 647 571 694 βίβλοις
594 646 707 686 ὀκτώ·
729 646 828 686 τινὲς
854 646 900 686 Σὲ
933 643 1141 699 ἒιαιροῧσιν
1165 647 1218 687 εἰς
1246 647 1357 687 ἐννέα.
1378 647 1427 687 Et
1443 661 1544 689 vero
1559 679 1572 699 ‚

303 702 373 754 qui
391 700 480 748 ista,
502 714 603 754 quae
630 700 722 744 huic
744 699 902 740 editioni
920 699 1096 739 adiunaa
1114 699 1215 749 sunt,
1242 699 1385 741 scholia
1405 700 1574 756 scripsit,

303 754 490 808 quosdam
526 756 565 794 in
597 754 690 794 xm
714 754 831 794 libros
864 753 1156 805 Thucydideam
1181 752 1377 794 historiam
1407 755 1572 797 divififfe

303 810 433 848 tradit:
455 821 571 862 atque
599 808 713 848 huius
737 807 933 848 divifionis
954 820 1036 847 non
1059 820 1142 847 uno
1163 807 1204 846 in
1226 807 1316 848 loco
1334 809 1570 850 mentionem

304 862 404 902 facit.
428 862 473 902 In
494 863 589 902 haec
613 862 715 902 enim
743 862 864 902 verba
900 867 1027 915 (quae
1045 861 1148 901 libro
1169 861 1244 910 IV,
1262 874 1345 915 cap.
1366 861 1417 912 78
1440 863 1573 917 legun·

303 927 368 956 tur
390 918 407 965 )
434 916 627 969 Βρασίδας
657 915 704 954 δὲ
737 918 846 955 κατὰ.
871 918 934 955 τον
964 911 1080 955 αὐτον
1106 914 1238 968 χρόνον
1267 915 1333 956 τοι]
1355 915 1479 969 θέρους
1502 933 1572 957 πο-

305 970 493 1023 ρευόμενος
514 968 759 1011 ἑπτακοσίοις
785 969 852 1009 κα)
879 967 1024 1022 χιλίοις
1050 968 1230 1009 ὁπλίταις
1249 968 1287 1010 ἐς
1309 970 1364 1009 τὰ,
1383 969 1447 1010 ἐπὶ
1470 971 1571 1024 Θρᾴ-

303 1039 396 1072 κης,
429 1023 565 1064 {vt-218&
599 1023 750 1076 ἐγένετο
781 1023 815 1063 ἐν
847 1021 1048 1077 Ἡρακλείᾳ,
1078 1021 1127 1072 ‘tii'
1161 1027 1196 1062 ἐν
1225 1027 1353 1076 Τραχ.
1386 1035 1571 1075 annotat,

303 1090 423 1132 opere
452 1077 694 1130 Thucydidis
724 1078 763 1117 in
784 1077 964 1117 tredecim
989 1075 1164 1116 historias
1193 1076 1342 1122 diviso,
1365 1074 1481 1118 finem
1507 1078 1571 1120 hic

302 1130 431 1172 sextae
455 1131 530 1172 effe
542 1163 554 1180 ,
579 1145 624 1172 ac
643 1132 876 1186 principium
896 1129 1086 1184 septimae.
1106 1131 1198 1170 Eius
1224 1130 1349 1171 verba
1366 1129 1477 1179 sunt,
1495 1131 1571 1173 τῶν

304 1183 343 1226 ἐς
365 1185 620 1238 nuo-misem
645 1187 755 1226 τέλος
783 1184 849 1227 τῆς
869 1181 1003 1231 ἕκτης,
1024 1183 1132 1238 ἀρχὴ
1153 1182 1221 1224 τῆς
1240 1182 1419 1235 ἑβδόμης.
1441 1185 1518 1225 Ubi
1538 1185 1568 1226 fi

303 1250 466 1293 quaerat
497 1239 709 1294 quispiam,
740 1239 919 1292 quidnam
947 1251 1036 1278 cum
1071 1237 1237 1279 articulo
1265 1237 1338 1279 τᾶν
1366 1236 1569 1280 subaudire

303 1293 531 1343 debeamus,
553 1306 637 1334 non
670 1293 770 1333 male
800 1291 1050 1347 responsurus
1084 1292 1175 1332 mihi
1195 1291 1356 1341 yideor,
1380 1291 1410 1332 fi
1433 1295 1570 1346 geniti-

303 1360 403 1388 vum
433 1347 596 1400 ἱστοριῶν
621 1347 772 1387 dixero:
800 1360 914 1395 cum,
932 1347 991 1386 uti
1016 1357 1129 1386 antea
1159 1345 1328 1394 aiebam,
1347 1347 1387 1386 in
1410 1346 1568 1400 quibus-

303 1401 390 1441 dam
411 1401 611 1442 veteribus
629 1401 758 1448 libris,
783 1411 901 1454 atque
920 1400 1016 1441 adeo
1036 1400 1078 1441 in
1095 1413 1185 1440 meo
1199 1428 1211 1448 ,
1230 1399 1292 1440 hic
1313 1399 1446 1440 titulus
1465 1400 1570 1454 lega-

303 1464 367 1495 tur
387 1486 399 1504 ,
435 1459 756 1494 ΘΟὙΚὙΔΙΔΟὙ·
786 1458 996 1502 ΙΣΤΟΡΙΩΝ
1023 1457 1190 1493 ΠΡΩΤΗ.
1231 1453 1436 1507 Sequendo
1462 1457 1567 1496 enim

302 1509 409 1549 hunc
427 1509 607 1558 titulum,
629 1508 694 1549 ista
723 1507 825 1548 illius
853 1508 976 1550 verba
1002 1507 1074 1547 τῶν
1106 1507 1145 1547 ἐς
1174 1506 1431 1560 apto-misem
1459 1508 1569 1550 τέλος

302 1561 371 1603 τῆς
392 1559 502 1604 ἕκτης
517 1592 529 1611 ,
552 1563 708 1625 perinde
734 1562 966 1629 recipimus,
993 1575 1039 1602 ac
1059 1560 1089 1601 fi
1114 1560 1255 1602 dietum
1281 1559 1374 1602 esset
1386 1591 1399 1611 ,
1421 1566 1566 1602 Θουκυ-
1620 1599 1621 1602 ,

302 1615 416 1656 sisou
451 1616 619 1670 ἱστοριων
650 1616 723 1657 τῶν
759 1631 810 1657 εις
839 1615 1095 1670 τρισκαίὸεκα
1122 1614 1337 1669 Σιῃρημένων
1364 1615 1474 1656 τέλος
1497 1615 1566 1658 τῆς

302 1668 438 1720 ἕκτης,
456 1671 633 1711 videlicet
657 1669 821 1722 ἱστορίας
841 1686 850 1711 :
877 1670 1118 1723 ibidemque,
1152 1668 1258 1723 ἀρχὴ
1281 1667 1347 1709 τῆς
1371 1666 1566 1720 ἑβδόμης,

301 1723 506 1765 subaudito
528 1725 665 1765 eodem
692 1724 759 1764 illo
782 1725 959 1778 genitivo
978 1723 1157 1777 ἱστορίας.
1175 1725 1328 1765 Verum
1349 1721 1454 1762 illam
1472 1724 1568 1764 titu-

301 1778 330 1819 li
352 1779 580 1819 brevitatem
603 1777 746 1832 assequi
775 1779 913 1819 Latina
944 1778 1076 1831 lingua
1099 1790 1180 1817 non
1206 1775 1356 1832 potest,
1381 1776 1448 1817 vel
1478 1790 1567 1818 eam

301 1832 356 1872 ob
377 1831 533 1873 causam
545 1863 559 1882 ‚
578 1832 685 1886 quod
711 1832 873 1873 articulo
890 1832 1071 1872 Latinitas
1089 1842 1228 1872 careat.
1249 1830 1436 1884 ideoque,
1455 1831 1564 1885 quod

329 1887 551 1927 aucioribus
571 1887 623 1926 ibi
648 1886 776 1927 verbis
801 1886 963 1936 dicitur,
987 1885 1160 1940 pluribus
1181 1885 1304 1926 dicere
1331 1883 1478 1926 necefl'e
1498 1885 1566 1925 ha-

328 1952 493 1989 eremus,
512 1953 572 1989 ea,
622 1953 694 1980 uae
713 1939 967 1981 subaudienda
990 1939 1155 1992 relinqui
1167 1939 1257 1987 dixi,
1298 1938 1474 1987 onendog
1489 1937 1567 1980 hoc

226 2014 231 2020 ·
300 1993 440 2047 ρῑιὲὶο,
471 1994 591 2034 THU
630 1993 815 2034 YDIDIS
845 1993 1233 2035 HISTORIARUM
1361 1991 1566 2033 TREDE-

301 2046 403 2088 CIM
423 2047 736 2088 DIVISARUM
758 2047 891 2088 FINIS
913 2047 1139 2096 SEXTAE,
1162 2045 1382 2087 INITIUM
1404 2045 1565 2086 SEPTI-

300 2099 431 2141 MAE.
456 2101 531 2141 Sed
553 2102 696 2142 Latinis
726 2101 840 2143 valde
864 2101 1029 2142 insolens
1049 2101 1110 2142 hic
1129 2099 1265 2140 titulus
1285 2097 1397 2146 esset,
1417 2099 1564 2140 etiamfi

300 2153 491 2196 Graecam
517 2154 620 2194 illam
649 2156 880 2196 brevitatem
911 2168 993 2195 non
1022 2155 1208 2203 retineat,
1239 2152 1564 2207 quemadmodum

300 2208 402 2248 dixi:
422 2207 643 2262 praesertim
660 2222 759 2249 vero
777 2209 816 2248 in
832 2208 899 2249 tali
913 2208 983 2250 usu
999 2207 1264 2262 appellationis
1284 2205 1565 2247 HISTORIA·
1639 2245 1660 2256 ,

299 2261 427 2313 RUM
453 2272 570 2315 atque
594 2262 915 2310 HISTORIAE,
940 2261 1161 2311 insolentia,
1178 2271 1221 2301 ut
1243 2260 1409 2314 opinor,
1434 2259 1564 2302 fuerit.

299 2329 427 2409 sseffue
445 2316 548 2356 enim
566 2329 714 2356 morem
732 2316 837 2358 hunc
856 2316 1049 2356 Latinitati
1066 2313 1141 2355 effe
1163 2325 1283 2376 puto,
1301 2326 1424 2354 unum
1449 2315 1565 2355 unius
1632 2367 1633 2370 Ἴ
1654 2301 1666 2347 ἶ·

330 2384 341 2409 l

331 2370 338 2378 '
375 2370 524 2410 oricum
538 2383 640 2424 opus
654 2369 826 2410 historias
839 2382 1002 2410 vocare:
1020 2368 1144 2409 multo
1163 2378 1278 2408 etiam
1298 2367 1435 2408 minus*
1473 2381 1563 2408 nam

299 2422 387 2468 fieri
412 2433 542 2464 tamen
561 2423 681 2478 poffet
694 2455 707 2473 ‚
720 2435 764 2464 ut
783 2423 922 2464 alicubi
942 2423 1057 2463 talem
1072 2421 1184 2463 usum
1207 2421 1353 2476 plurale
1375 2420 1448 2461 istu
1494 2422 1563 2462 ha·
1637 2399 1662 2431 ⁸

300 2477 435 2528 beret)
457 2478 622 2532 primum
641 2477 782 2520 librum
795 2509 808 2530 ‚
827 2478 990 2534 primam
1012 2476 1228 2523 historiam:
1254 2474 1484 2526 secundum,
1505 2474 1562 2516 se·
1634 2494 1642 2531 '.

1663 572 1670 678 n»...-
