1670 3094
278 253 388 292 L'
568 244 1263 294 THUCYDIDIS

277 334 374 391 διε.)
401 335 487 378 Cur
510 335 588 377 hoc
607 335 717 386 dicit,
739 336 845 377 nulla
874 336 1029 390 prorfiis
1051 336 1277 377 conieclura
1301 333 1444 389 ass'equi
1463 335 1569 391 ptis-

277 390 374 431 sum.
403 391 459 431 ⁸2.
489 404 549 430 11.
569 390 676 443 ἰκρίον
699 392 799 444 γὰρ)
823 391 923 439 Illis,
943 392 1086 444 quibus
1104 390 1300 444 sepultura
1318 390 1465 444 legibus
1486 392 1552 431 de-

277 457 418 500 negata
440 456 545 493 erat,
572 445 817 499 Cenotaphia
837 444 983 485 exstrui
1006 444 1182 485 solebant
1206 446 1307 485 intra
1332 444 1485 486 Atticae
1504 444 1551 484 fi-

276 512 370 549 nes,
392 499 454 540 sed
481 499 658 553 impofita
677 498 832 540 tumulo
853 512 980 539 cruce.
1008 499 1112 540 Vide
1131 499 1241 539 Petiti
1258 499 1484 540 Comment.
1507 501 1549 539 in

275 553 379 607 leges
390 553 540 594 Atticas
587 582 596 591 .
617 552 706 607 562.
731 552 798 592 De
818 566 924 592 voce
945 551 1050 605 ἰκρίον
1068 552 1227 594 consule
1241 552 1355 607 Lipfii
1374 564 1486 593 notas
1501 553 1550 593 ad

274 607 445 655 libellum
470 607 517 647 de
541 567 684 647 ἕηκε.
715 607 851 658 (Haec
875 607 914 646 in
938 607 1055 647 Suida
1078 621 1118 647 v,
1145 606 1277 660 ἰκρίον,
1298 606 1366 648 sub
1390 608 1550 647 nomine

275 662 461 714 Thucyd.
482 662 535 701 ita
553 674 753 715 perperam
778 660 982 714 leguntur:
1012 660 1132 713 Ἷκρίον
1154 663 1235 714 ’γὰρ
1256 662 1320 701 ἐπὶ
1339 659 1409 700 τοῦ
1427 661 1550 710 τάφου

278 716 406 756 κεῖται
421 714 488 755 τοῦ
513 714 740 764 κενοταφίου.
762 714 1011 755 Θουκυδίδης.
1030 713 1222 767 Γνώρισμα,
1241 713 1445 767 ἐπιχώριον
1463 729 1498 753 κ.
1518 729 1550 754 r.

277 769 333 809 ’A.
359 785 397 809 τ.
417 769 482 809 ἐπὶ
511 767 719 820 Συστυχιόι
742 783 779 808 τ.
797 783 830 807 κ.
857 785 900 820 μ.
924 769 952 808 ὲ.
972 769 1024 808 Ἀ.
1042 783 1078 807 τ.
1108 767 1230 821 Quae
1252 768 1339 808 hinc
1357 767 1552 809 emendari

277 823 447 878 poffunt.
471 822 616 863 Petitus
644 823 753 875 ἰκρίον
777 821 851 862 effe
875 835 1032 863 crucem
1055 822 1290 876 cenotaphio
1307 821 1551 875 impolitam,

276 877 482 931 quomodo
497 886 585 916 ante
605 889 696 916 eum
712 876 828 916 etiam
844 876 942 917 alios
964 876 1041 917 hoc
1060 875 1245 930 accepiffe
1261 875 1389 916 scribit
1401 874 1553 930 Lipfius

277 932 317 971 in
346 931 464 971 Notis
486 931 536 970 ad
566 930 629 970 lib.
651 930 669 970 1
695 930 741 969 de
766 929 902 970 Cruce
918 944 1002 983 cap.
1031 945 1077 978 4,
1102 930 1251 984 colligit
1274 943 1324 970 ex
1352 930 1384 970 E
1412 931 1553 984 igram·

278 995 384 1026 mate
408 984 612 1025 Flaminini
633 984 671 1024 in
699 983 889 1024 Alcaeum
918 986 1076 1038 poetam
1101 985 1206 1037 apud
1233 985 1383 1025 Plutarc
1413 996 1482 1024 um
1510 985 1553 1025 in

279 1039 524 1088 Flaminin03
543 1036 605 1078 sed
625 1037 873 1088 coniefiura,
888 1049 931 1079 ut
943 1039 1037 1079 mihi
1059 1038 1211 1079 videtur
1224 1069 1236 1087 ‚
1259 1051 1339 1079 non
1355 1039 1469 1078 valde
1485 1036 1554 1078 fir-

280 1107 355 1133 ma.
382 1093 522 1133 Varias
543 1091 841 1146 significationes
872 1092 988 1133 huius
1013 1092 1198 1133 vocabuli
1227 1092 1370 1133 habent
1399 1103 1554 1133 veteres

280 1148 565 1202 Lexicographi
578 1177 589 1195 ‚
611 1145 833 1186 Eustathius
846 1146 893 1185 ad
913 1148 1131 1187 Homerum
1150 1146 1416 1201 compluribus
1434 1146 1553 1196 locis,

280 1201 508 1242 Scholiastes
520 1200 724 1255 Apollonii
741 1200 871 1240 Rhod.
900 1215 916 1240 1
941 1201 1163 1254 Argonaut.
1186 1215 1228 1240 v.
1253 1200 1352 1254 566,
1372 1200 1416 1241 &
1432 1200 1555 1242 Scho-

205 1264 207 1266 ’
280 1255 406 1296 liastes
427 1254 817 1309 Aristophanis'Nub.
837 1268 877 1295 v.
893 1256 968 1295 226
976 1269 989 1303 3
1010 1268 1179 1309 quor-um
1201 1267 1320 1296 nemo
1343 1253 1451 1306 ἰκρίον
1476 1268 1554 1294 cm·

280 1327 349 1350 cem
383 1310 654 1403 intgurpffetatus
680 1308 748 1349 est.
773 1307 922 1363 Lipsius
950 1320 1065 1363 putat
1089 1310 1267 1359 tabulam,
1300 1308 1382 1349 five
1407 1308 1555 1363 lignum

281 1366 409 1405 navale
481 1365 491 1402 i
524 1365 587 1412 e.)
1072 1380 1082 1385 ·

302 1439 304 1441 v
340 1419 429 1472 Pag.
457 1417 568 1458 XVI.
592 1418 617 1457 l.
644 1430 675 1456 ι.
703 1417 782 1456 ἐπὶ
804 1415 871 1456 ‘nic
897 1414 1048 1470 φυγῆς)
1069 1416 1297 1457 Oenobium
1318 1417 1365 1456 tle
1386 1415 1557 1469 Thucy-

283 1472 371 1512 dide
395 1472 443 1512 ab
468 1471 603 1512 exsilio
623 1472 851 1512 revocando
876 1470 1073 1510 decretum
1095 1470 1320 1519 obtinuifl'e,
1354 1469 1555 1524 ipsumque

282 1527 398 1566 etiam
409 1523 687 1578 Thucydidem
703 1523 790 1578 post
805 1524 970 1564 reditum
986 1524 1079 1565 dolo
1092 1523 1202 1565 fuiffe
1213 1536 1429 1578 peremtum
1439 1556 1452 1574 ‚
1465 1523 1556 1565 scri-

284 1579 343 1620 bit
365 1579 570 1620 Pausanias
591 1579 631 1618 in
651 1579 818 1627 Atticis,
843 1591 928 1633 pag.
950 1591 994 1617 21
1023 1579 1081 1618 ed.
1107 1578 1285 1619 Francos.
1307 1579 1452 1627 (Attic.
1471 1592 1516 1620 ca
1545 1608 1556 1619 .

286 1633 379 1688 23.)
408 1635 460 1675 *L
485 1648 517 1687 3.
535 1632 724 1687 Ζώπυρον)
745 1633 848 1672 Idem
861 1663 873 1682 ,
914 1643 1006 1682 uto,
1023 1631 1078 1673 est
1092 1632 1154 1673 hic
1173 1634 1361 1686 Zopyrus
1378 1645 1467 1673 cum
1487 1634 1500 1672 i
1529 1646 1557 1674 o

286 1687 508 1740 Byzantio,
533 1688 645 1727 cuius
672 1687 844 1727 meminit
861 1686 1090 1740 Putarchus
1109 1687 1149 1726 in
1171 1686 1305 1727 Parall.
1329 1687 1418 1725 min.
1438 1699 1472 1727 c.
1497 1687 1559 1739 36.

285 1742 391 1782 Vide
401 1741 583 1782 Voffium
599 1741 751 1781 deHist.
766 1740 838 1781 Gr.
853 1740 876 1780 l.
891 1756 926 1791 3.
956 1741 1010 1780 *L
1027 1757 1064 1789 4.
1085 1739 1433 1794 Πεισιστρατιέὦν)
1453 1740 1558 1781 Nam

285 1797 476 1858 pertinaci
496 1796 596 1836 adeo
615 1795 708 1836 odio
735 1808 805 1835 eos
829 1795 1068 1844 habuerunt,
1087 1806 1133 1835 ut
1155 1808 1205 1834 ne
1224 1795 1379 1848 quidem
1403 1806 1560 1848 accepta

286 1864 329 1890 m
353 1850 479 1891 Sicilia
503 1850 610 1891 clade
637 1850 676 1889 in
696 1848 896 1889 discrimen
919 1848 1110 1888 summum
1133 1848 1306 1896 adducti,
1330 1847 1416 1903 post
1433 1861 1560 1890 annos

287 1905 503 1958 nonaginta
525 1904 649 1953 duos,
671 1907 760 1944 cu'm
781 1902 976 1943 exsulibus
997 1901 1292 1957 quibuscunque
1310 1903 1471 1943 reditum
1492 1903 1559 1943 da-

288 1969 398 2007 rent,
423 1959 495 1999 hos
515 1959 683 2012 recipere
711 1956 921 1997 voluerint.
946 1957 1048 1997 Vide
1074 1956 1234 1998 Meurfii
1260 1956 1489 1998 Pisistratum
1522 1970 1558 1998 c.

294 2014 355 2052 16.
387 2014 441 2054 *L
458 2012 496 2053 8.
522 2012 554 2051 εἰ
572 2014 653 2066 ‘7³25’
675 2006 740 2051 οὔκ
758 2011 804 2050 ἂν
829 2011 931 2052 ἐτέθη
953 2011 1053 2062 διε.)
1075 2011 1107 2051 εἱ
1129 2013 1210 2064 72⁶?
1228 2010 1274 2050 ὅὶν
1298 2011 1401 2052 ἐτέθη
1420 2010 1455 2051 ἐν
1478 2011 1559 2051 τοῖς

288 2065 482 2119 πατρῷοις
495 2066 672 2117 μνίιμασι
691 2063 854 2117 κρέ’βὲισν
875 2065 1010 2115 τεθεὶς,
1025 2059 1089 2104 οὖν,
1104 2063 1148 2105 ἂν
1168 2064 1243 2105 διε.
1258 2064 1461 2118 legendum
1483 2065 1561 2104 exi-

289 2120 415 2160 stimat
433 2119 506 2160 Ae.
527 2120 631 2159 Port.
652 2118 798 2174 (Addit
810 2118 971 2166 Portus,
994 2119 1084 2159 vide
1104 2117 1203 2159 infra
1217 2150 1228 2167 ,
1247 2121 1302 2158 τὰ
1321 2120 1418 2159 ὀστᾶ,
1442 2113 1559 2158 αὗτοῦ

290 2174 446 2226 κρύφα).
470 2173 692 2228 Legendum
708 2174 726 2213 ii
743 2172 906 2226 κρυβᾶὺν
919 2172 1044 2213 τεθείς.
1067 2174 1100 2221 ii,
1115 2173 1150 2212 id
1164 2172 1241 2222 est,
1258 2172 1415 2227 alioqui.
1423 2171 1554 2226 Steph-

291 2229 359 2282 qui
379 2228 516 2275 vertit,
540 2230 680 2281 quodsi
694 2227 794 2279 effet,
816 2242 987 2281 nunquam
1008 2227 1063 2266 ille
1087 2229 1124 2266 in
1143 2229 1240 2266 avito
1264 2239 1475 2267 monumento
1492 2241 1559 2279 po-

279 2283 373 2334 fitus
384 2280 546 2336 fiaiffet.)
583 2280 603 2301 '⁴‘
619 2282 642 2320 l.
676 2293 733 2332 ¹3·
755 2279 983 2334 Φιλόχορος)
1010 2279 1069 2321 Sc.
1096 2281 1134 2320 in
1155 2280 1254 2320 libro
1280 2281 1327 2320 de
1345 2279 1560 2321 Archonti-

289 2335 390 2384 bus,
424 2337 471 2376 de
505 2348 587 2389 quo
604 2334 847 2388 Anonymus
881 2334 915 2374 ἐν
938 2333 1218 2386 Ὀλυμπιάδων
1248 2333 1456 2387 ἀναγραφῇ
1470 2364 1481 2382 ,
1509 2332 1558 2374 ad

292 2389 460 2444 Olymp.
480 2402 512 2430 c.
533 2402 548 2428 1
565 2419 576 2436 ‚
597 2401 659 2428 an.
686 2402 700 2427 1
714 2401 727 2426 1
740 2402 752 2426 1
768 2402 780 2437 3
802 2387 909 2441 quod
929 2400 1030 2441 opus
1047 2400 1134 2441 pars
1153 2398 1234 2428 erat
1255 2388 1560 2428 commentario-

294 2457 382 2485 rum
401 2443 449 2484 de
467 2443 599 2484 Attica
611 2474 623 2491 ‚
646 2452 692 2482 ut
707 2441 893 2483 existimat
904 2440 1065 2483 voffius
1082 2443 1129 2482 de
1142 2440 1241 2482 Hist.
1259 2440 1329 2482 Gr.
1346 2440 1372 2480 l.
1392 2454 1427 2490 1,
1444 2454 1478 2482 c.
1499 2441 1559 2481 18.

294 2499 314 2523 θ’
326 2500 403 2539 ead.
419 2495 649 2550 Δημῆτριος)
665 2494 913 2536 Demetrium
938 2496 972 2536 ἐν
995 2493 1043 2546 τῇ
1061 2494 1134 2535 τῶν
1148 2495 1171 2533 ἁ
1195 2493 1343 2548 χόν-των
1354 2494 1560 2548 ἀναγραφῇ

297 2552 359 2594 bis
382 2552 475 2594 citat
494 2549 697 2606 Diogenes
717 2550 892 2593 Laertius
915 2550 958 2590 in
979 2550 1061 2593 vita
1081 2548 1171 2591 Tha
1186 2549 1274 2593 etis:
1305 2548 1402 2592 adeo
1424 2560 1468 2591 ut
1490 2549 1565 2599 mi-
