1670 3094
300 179 398 246 gffl
510 172 1384 230 ANNOTATIONES

299 268 427 322 qualis
450 266 505 309 est
530 268 651 323 paulo
677 279 789 320 ante,
819 269 887 311 ubi
908 269 1077 320 dicitur,
1100 267 1167 309 καὶ
1196 267 1272 311 ὅσα
1291 269 1364 322 μὲν
1384 268 1493 325 λόγῳ
1521 266 1581 314 if-

299 338 374 363 πον
400 320 569 364 ἕκαστοι.
597 323 750 364 STEPH.

309 383 314 386 ⁴
358 377 450 430 Pag.
481 389 539 428 34.
561 377 587 416 l.
623 390 640 428 5
672 377 752 432 sqq.
776 376 848 416 Καὶ
886 377 925 418 ἐς·
946 376 1016 430 μὲν
1042 376 1222 431 ἀκρόασιν
1255 400 1302 408 -
1331 376 1579 431 ξύγκειται)

300 429 453 484 Laudat
475 430 571 471 haec
592 430 720 471 Dion.
748 431 940 472 Halicarn.
964 445 1003 487 p.
1039 445 1136 497 139,
1157 431 1226 472 ubi
1259 431 1314 472 est
1348 431 1582 487 ἀνθρώπινον.

301 485 453 525 WAss.
474 495 520 525 ut
543 485 584 525 δι
603 499 641 539 p.
670 485 766 535 146:
782 480 891 527 Ὀσοι
915 485 960 525 ἑὲ
981 486 1229 533 βουλησονται
1252 508 1299 516 -
1322 485 1504 538 ὠφέλιμα.
1521 487 1578 528 Id.

301 550 391 593 pag.
421 539 488 591 65.

357 595 433 632 ead.
461 592 486 630 l.
507 592 544 632 6.
571 591 895 646 Ἀτερπέστερον)
915 591 1066 632 Pindar.
1089 591 1155 633 Ol.
1183 606 1216 633 1.
1246 607 1321 644 44:
1345 593 1419 634 Καί
1434 608 1510 634 που
1540 609 1583 637 τι

302 646 371 687 καὶ
397 644 535 698 βροτῶν
557 646 724 699 φρένας,
752 641 846 698 ὑπὲρ
870 649 933 688 τον
960 650 1117 686 ΑΛΗΘΗ
1139 645 1260 700 λόγον
1291 646 1581 701 Δεέαιὲαλμέ-

303 715 355 741 voa
372 698 540 751 ψεύδεσι
563 699 745 741 ποικίλοις
768 699 1034 754 Ἐξαπατῶντι
1057 704 1224 741 ΜΤΘΟΙ.
1251 702 1397 742 WAss.

361 756 438 793 ead.
460 754 486 793 l.
503 767 542 806 9.
561 752 823 806 Ἀνθρώπειον)
845 754 905 795 Ita
929 753 1033 795 reete
1053 755 1211 808 quidam
1233 754 1320 795 ΜΠ.
1343 755 1445 795 Nam
1466 756 1584 797 Iones

303 803 531 860 ἇνθρωπήϊος
555 808 598 848 &
617 807 748 848 Attica
772 817 909 849 vetus:
930 819 1049 862 atque
1072 809 1126 848 ita
1145 807 1349 862 Magister3
1369 821 1496 871 neque
1516 810 1585 850 ali-

304 871 366 901 ter
384 860 626 902 Rhodienses
640 893 652 911 ‚
674 861 879 914 Hesychio
900 863 1005 903 teste.
1033 861 1174 902 Noster
1201 872 1331 903 autem
1355 862 1447 903 alih1
1460 895 1473 913 ,
1499 864 1579 905 vid.

304 915 489 955 Indicem.
525 914 635 955 Plato
649 947 661 965 ‚
693 915 820 956 Dion.
851 916 1045 957 Halicarn.
1074 915 1259 971 Xenoph.
1294 915 1582 972 Aristophanes.

306 970 352 1010 δι
380 982 404 1009 e
430 969 704 1010 recentioribus
731 969 858 1010 Clem.
895 970 1008 1012 Alex.
1037 970 1203 1011 Iustinus
1227 970 1285 1010 M.
1308 970 1466 1011 Lucian.
1498 971 1586 1012 Ele-

306 1034 443 1077 ganter
477 1024 591 1064 etiam
625 1024 735 1064 Philo
769 1025 1004 1066 Eunuchum
1035 1035 1156 1065 vocat
1184 1023 1324 1064 alicubi
1362 1024 1585 1079 ἀνθρωπείου

308 1079 560 1131 παρακομμα
578 1078 821 1130 νομίσματος.
837 1089 1005 1133 utraque
1020 1077 1148 1119 forma
1163 1078 1433 1132 Hippocrates.
1452 1078 1586 1132 ἀνθρώ-

308 1147 406 1171 πεια
433 1128 602 1183 πήματα
624 1132 845 1184 Aeschylus
869 1132 968 1173 Pers.
989 1133 1094 1182 4063
1120 1134 1260 1186 Agam.
1293 1133 1404 1185 1362.
1435 1134 1584 1174 WAss.

307 1185 547 1240 Ἀνθρώπειον
571 1186 685 1226 etiam
713 1186 835 1227 Dion.
861 1187 1057 1228 Halicarn.
1078 1201 1118 1241 p.
1151 1190 1227 1240 653
1246 1186 1362 1240 idque
1386 1199 1466 1227 una
1493 1200 1586 1228 cum

307 1240 449 1290 ῧντων,
471 1252 574 1293 quae
595 1250 679 1280 erat
701 1240 816 1282 lectio
834 1242 1040 1296 marginis,
1054 1241 1095 1280 in
1116 1250 1348 1282 contextum
1368 1241 1486 1295 recipi
1511 1253 1588 1283 vo·

306 1294 436 1335 luerat
462 1294 525 1335 cl.
549 1293 696 1335 Wafl'e.

365 1350 449 1389 ibid.
463 1347 637 1388 Τοιούτων
657 1348 724 1388 καὶ
749 1349 873 1402 ποις.)
895 1349 1110 1390 Retinenda
1131 1349 1289 1413 potius,
1309 1360 1411 1403 quae
1432 1348 1474 1388 in
1489 1356 1591 1390 coni

306 1413 422 1443 textu
442 1402 525 1452 est,
560 1402 689 1443 lectio.
720 1403 944 1457 Quomodo
963 1405 1067 1445 enim
1093 1418 1263 1444 τοιουτων
1287 1403 1402 1444 ’όντων
1428 1405 1502 1453 (ut
1523 1403 1588 1443 alii
1654 1399 1670 1441 '.

308 1457 472 1511 legunt)
498 1457 570 1497 dici
599 1458 766 1511 poterit,
793 1471 884 1499 cum
903 1458 1119 1509 μελλόντων
1153 1457 1374 1512 praecedat,
1401 1456 1508 1511 quod
1538 1457 1589 1498 ad

310 1511 391 1552 hoc
411 1510 587 1551 τοιούτων
602 1511 754 1553 fertur?
772 1510 1012 1564 μελλόντων,
1034 1513 1218 1566 inquam,
1242 1525 1333 1552 cum
1354 1509 1492 1551 futuro
1507 1509 1590 1551 ἔσε-

310 1570 423 1606 σθαι.
446 1566 504 1606 Ut
524 1576 654 1606 autem
672 1565 844 1607 τοιούτων
871 1567 940 1606 καὶ
964 1564 1242 1620 παραπλησίων
1267 1565 1330 1606 hic
1353 1564 1511 1616 dicitur,
1533 1564 1587 1606 fic

310 1620 354 1660 in
374 1621 569 1660 concione
583 1620 755 1668 Periclis,
775 1620 946 1661 τοιαῦτα
960 1621 1026 1661 καὶ
1045 1618 1307 1674 παραπλῆσια
1319 1635 1328 1659 :
1341 1631 1375 1660 c.
1402 1632 1470 1673 ¹43
1486 1649 1498 1668 ‚
1518 1619 1588 1660 καὶ

311 1676 371 1714 τὰ
390 1673 460 1726 μὲν
481 1674 784 1715 Πελοποννησίων
808 1674 942 1729 ἔμοιγε
959 1672 1127 1715 τοιαῦτα
1151 1673 1218 1713 καὶ
1239 1669 1501 1727 παραπλῆσια
1521 1671 1589 1712 ‹Po-

313 1728 376 1768 κεῑ
405 1723 516 1769 εἶναι.
545 1728 670 1769 Aliter
693 1739 824 1769 autem
846 1729 958 1780 ὅμοια
990 1728 1058 1768 καὶ
1086 1743 1147 1768 πα
1169 1723 1353 1768 απλίισια
1383 1726 1455 1767 dici
1480 1726 1590 1768 vide-

312 1793 379 1823 tur
407 1796 442 1823 c.
476 1796 550 1829 ¹40
580 1783 629 1822 ab
659 1783 797 1823 eodem
817 1782 983 1832 Pericle,
1009 1783 1049 1822 in
1069 1783 1104 1823 ei
1149 1782 1235 1822 dem
1261 1779 1462 1822 concionis
1484 1781 1592 1835 prin-¹

311 1838 443 1891 cipio,
465 1834 559 1890 Ὁρῶ
587 1835 632 1876 δὲ
655 1836 721 1877 καὶ
749 1835 811 1879 νῦν
834 1837 945 1890 ὅμοια
973 1836 1039 1877 καὶ
1064 1834 1330 1892 παραπλήσια
1351 1833 1592 1888 ξυμβουλευ-4

312 1895 386 1931 ‘tea
409 1889 476 1941 μοὶ
504 1891 613 1930 ὅντα.

367 1944 441 1985 Sed
466 1942 519 1984 est
541 1955 742 1998 praeterea
756 1944 865 1999 quod
890 1944 1013 1986 celare
1039 1954 1078 1985 te
1095 1944 1217 1986 nolim
1234 1942 1347 1998 super
1377 1942 1454 1984 hoc
1479 1942 1586 1984 loce.

309 1998 433 2052 'Apud
463 1998 706 2051 Dionysium
732 1997 1102 2039 Halicarnassensem
1119 2028 1131 2047 ‚
1155 1997 1380 2039 afferentem
1397 1997 1500 2038 hunc
1532 1996 1592 2036 lo-

313 2066 404 2093 cum
426 2054 464 2092 in
483 2052 582 2092 Arte
610 2054 822 2103 rhetorica,
842 2055 967 2108 capite
989 2053 1075 2107 περὶ
1099 2052 1227 2106 λόγων
1243 2050 1480 2105 ἐξετάσεως,
1502 2049 1590 2103 post

314 2105 492 2157 ὠφέλιμα
512 2105 678 2159 legitur,
706 2106 884 2161 χρῆσθαι
907 2107 997 2148 ταῖς
1019 2106 1212 2146 παλαιαῖς
1241 2104 1446 2158 ἱστορίαιςε
1470 2114 1590 2158 atque

314 2161 375 2201 his
397 2159 527 2201 verbis
557 2161 816 2214 adiunguntur
841 2161 913 2201 alia
933 2172 1118 2215 tanquam
1140 2173 1191 2200 ex
1213 2159 1351 2199 eodem
1375 2158 1467 2200 loc‘o
1487 2156 1591 2199 sum-

317 2226 380 2256 ta:
401 2227 492 2255 cum
518 2223 646 2253 tamen
676 2228 804 2268 neque
829 2214 897 2255 ista
911 2246 923 2264 ‚
954 2227 1080 2268 neque
1098 2225 1269 2268 quatuor
1289 2211 1352 2253 ina
1375 2211 1448 2252 fint
1476 2212 1592 2252 Thu-

315 2268 492 2322 cydidis,
526 2266 587 2307 sed
618 2267 827 2321 Dionysii,
862 2269 1054 2322 loquentis
1086 2268 1135 2308 de
1166 2267 1234 2307 illo
1259 2265 1500 2318 Thucydidis
1530 2265 1592 2306 lo-

316 2336 380 2364 co.
408 2322 613 2375 Postquam
643 2323 745 2362 enim
780 2322 873 2362 dixit
890 2320 1132 2375 Dionyfius,
1159 2320 1431 2372 Thucydidem
1455 2320 1592 2360 innue-

316 2390 361 2417 re
379 2408 391 2426 ,
421 2375 616 2416 historiam
647 2375 722 2416 effe
757 2377 948 2429 quandam
980 2377 1029 2416 ab
1059 2374 1245 2436 exemplis
1273 2375 1431 2430 petitam
1462 2373 1591 2428 philo-

1640 2282 1670 2430 ’κῖῃέιῳ
1646 1619 1670 2275 “’-ἳ7·οο-4-ὖῠὲω-.·Μ“Μ·;Σ--,
1664 1593 1670 1611 2-
1664 1547 1670 1582 „A

316 2430 515 2486 sophiam,
541 2429 643 2470 hunc
668 2430 754 2470 eius
775 2429 906 2470 locum
939 2430 1051 2470 nobis
1079 2439 1288 2484 proponit,
1314 2427 1443 2470 sumto
1469 2427 1519 2468 ab
1544 2427 1592 2467 iis
1639 2450 1657 2484 ,3

309 2484 448 2530 verbis
466 2483 602 2537 initio,
621 2483 703 2529 ’ὅσοι
724 2483 771 2527 δὲ
795 2481 1043 2534 βουλήσονται
1070 2483 1147 2542 τῷν
1165 2498 1211 2526 τε
1232 2482 1435 2539 γενομένων
1452 2483 1498 2524 το
1520 2493 1592 2524 σοι·
1654 2519 1655 2522 ,
