1670 3094
229 189 290 235 72
518 171 1206 220 THUCYDIDIS

229 264 299 318 λα
317 259 561 330 ξυνέπεσον’
549 289 589 327 ες
607 265 725 320 τοῧτο
747 266 945 333 ἀνάγκης
972 290 1082 321 coo-re
1111 264 1376 343 ἒπιχειρῆσαι
1403 273 1493 323 ἀλ-

219 339 380 404 wizam
404 368 496 402 τους
518 343 739 434 Κορινθίους
766 366 844 395 και
871 344 1113 404 Ἀθηναιᾞους

307 412 349 471 ν’.
389 418 480 480 Της
498 410 545 471 se
568 443 716 493 τροπης
735 416 971 491 γενομένης,
992 426 1025 472 οἱ
1039 416 1298 516 Κορίνθιοι
1250 443 1314 472 τα
1333 419 1496 485 σκάφη

232 515 307 586 μεν
334 497 417 558 οὐχ
435 493 572 549 εἷλκον
598 492 862 566 ἀναδούμενοι
885 519 964 547 των
991 518 1083 548 νεων
1107 497 1162 554 ἂς
1183 494 1492 553 καταδύσειαν,

231 593 332 642 προς
347 562 391 622 δε
405 595 496 629 τους
511 570 773 661 ἀνθρωπους’
762 570 980 643 ετροίποντο
989 609 1002 627 ,
1020 569 1199 634 φονεύειν
1213 571 1496 632 δὶεκπλεοντες

232 648 409 717 μᾶλλον
429 671 451 706 η
470 649 649 736 ζωγρεῖν·
677 643 769 704 τούς
793 668 838 697 τε
866 645 1000 698 αὑτων
1027 652 1181 709 φίλους
1208 644 1285 719 ζ’
1249 673 1324 701 ουκ
1350 649 1492 716 ἥσθη-

233 718 343 791 μένοι
375 720 451 773 ὅτι
470 743 641 782 ησσηντο
672 727 706 772 οἱ
738 718 809 772 ἐπ-ι
839 722 902 793 τῷ
929 721 1049 793 δεξιῷ
1078 718 1220 813 nepot)
1252 725 1494 789 αγνοοῧντες

235 819 413 849 εκτεινον
433 810 614 849 πολλων
631 818 725 864 γαρ
748 818 837 849 νεων
860 796 987 850 οὐσων
1004 795 1275 889 ἀμφοτέρων,
1295 822 1372 852 και
1398 801 1494 852 ἐπι-

234 871 351 924 πολυ
370 897 439 934 της
440 869 734 933 &ochoza-cns
724 894 987 936 επεχουσ-ων,
1013 867 1154 935 επειὸη
1172 873 1386 945 ξυνέμιξαν
1403 880 1493 927 ἀλ-

234 946 383 1011 >xvh-015·
392 986 404 1004 2
425 973 469 1000 θυ
486 942 694 1021 ῥαδίως
649 972 719 1010 Tm!
737 948 961 1014 διαγνῶσιν
984 971 1042 1001 271*
1042 973 1167 1002 otovvr
1166 974 1185 1002 0
1211 973 1340 1003 071‘0501
1369 951 1493 1044 ἔκρω-

1098 1022 1119 1043 el

233 1048 344 1080 τουν,
371 1049 394 1085 η
418 1026 666 1098 ἒκρατουντο.
694 1031 927 1095 ναυμαχία
946 1048 1039 1094 γαρ
1061 1048 1166 1087 αυτη
1177 1015 1375 1088 Ἕλλησι
1392 1050 1493 1100 προς

221 1077 471 1161 Έλληνας
472 1122 564 1153 νεων
586 1096 740 1161 πληθει
757 1107 946 1171 μεγίστη
973 1095 1022 1162 δη
1045 1126 1124 1153 των
1149 1124 1228 1175 προ
1256 1101 1383 1164 αὐτης
1413 1125 1493 1168 γε-

233 1172 417 1242 γένηται.
446 1170 586 1238 ἐπειδὴ
605 1168 650 1228 δε
668 1177 925 1240 κατεδίωξαν
942 1201 1034 1235 τους
1051 1178 1328 1250 Κερκυραίους
1351 1185 1385 1231 οἱ
1403 1179 1493 1230 Κο-

232 1254 393 1324 ρίνθιοι
382 1275 421 1310 ες
448 1277 517 1313 την
547 1275 647 1318 γην,
677 1275 777 1325 προς
806 1276 868 1304 τα
892 1275 1087 1318 ναυαγία
1114 1276 1192 1305 και
1223 1277 1316 1312 τους
1323 1277 1494 1348 νεκρους

232 1351 326 1388 τους
352 1326 576 1401 σφετερους
607 1329 837 1400 ὲτραποντο·
864 1352 943 1382 και
972 1354 1051 1382 των
1078 1335 1294 1384 πλείσ-των
1321 1330 1494 1403 ἒκροίτη-

231 1495 276 1525 ut
309 1484 508 1526 Corinthii
536 1485 579 1526 &
600 1485 854 1527 Athenienses
884 1486 982 1527 inter
1012 1485 1050 1528 se
1083 1499 1219 1528 manus
1239 1485 1495 1528 consererent.

285 1553 330 1593 L.
358 1553 431 1594 Sed
456 1553 575 1595 versls
599 1556 639 1595 in
667 1554 798 1609 fugam
822 1555 1016 1607 hostibus,
1045 1556 1237 1598 Corinthii
1265 1556 1403 1598 alveos
1423 1569 1493 1596 na-

230 1622 344 1663 vium
354 1654 366 1673 ,
381 1636 480 1678 quas
494 1623 768 1675 demerserant,
783 1624 967 1679 religatos
987 1639 1070 1666 non
1087 1635 1309 1667 traxerunt:
1323 1636 1362 1667 at
1379 1624 1495 1666 trans-

229 1704 455 1742 currentes,
484 1693 531 1734 ad
559 1693 737 1734 homines
763 1695 896 1748 potius
928 1695 1198 1743 trucidandos,
1228 1708 1346 1750 quam
1374 1694 1496 1736 vivos

229 1761 439 1815 capiendos
452 1793 464 1811 ‚
483 1760 522 1802 se
543 1771 837 1803 converterunt.
862 1761 912 1802 Et
938 1762 1029 1804 suos
1053 1763 1201 1804 amicos
1223 1775 1292 1818 per
1311 1763 1495 1817 ignoran-

227 1832 320 1872 tiam
343 1832 643 1883 interficiebant‚
664 1832 756 1887 quia
777 1831 888 1882 illos,
908 1833 976 1887 qui
997 1833 1038 1873 in
1058 1832 1195 1874 dextro
1216 1846 1343 1874 cornu
1362 1844 1494 1884 erant,

226 1899 428 1955 superatos
451 1900 561 1943 fuiffe
580 1901 807 1959 nesciebant.
835 1902 938 1943 Nam
958 1916 1048 1945 cum
1074 1903 1218 1944 multae
1240 1902 1359 1944 effent
1381 1912 1493 1943 utro-

226 1982 395 2025 rumque
415 1984 554 2022 naves,
578 1972 621 2013 &
641 1971 716 2013 late
733 1983 839 2011 mare
852 1982 1109 2025 occuparent;
1131 1972 1334 2026 postquam
1355 1983 1493 2012 manus

226 2041 327 2082 inter
348 2041 386 2082 se
408 2042 704 2093 conseruerunt,
725 2056 807 2083 non
825 2041 934 2083 facile
953 2041 1175 2096 dignoscere
1196 2053 1394 2097 poterant,
1408 2042 1494 2097 qui-

226 2126 316 2154 nam
337 2114 530 2164 vifiores,
551 2125 620 2154 aut
642 2114 709 2168 qui
729 2113 823 2154 visti
843 2112 974 2154 effent.
993 2114 1084 2155 Hoc
1101 2113 1204 2154 enim
1223 2114 1362 2156 navale
1375 2127 1491 2168 proe-

225 2182 321 2223 lium
342 2182 591 2224 Graecorum
605 2213 618 2232 ‚
640 2195 729 2222 cum
757 2181 917 2223 Graecis
940 2180 1181 2222 commissum
1195 2213 1207 2230 ,
1232 2172 1395 2223 navium
1420 2195 1492 2222 nu-

226 2265 337 2294 mero
368 2253 499 2294 omnia
525 2251 723 2307 superiora
752 2251 870 2305 longe
901 2250 1109 2306 superavit.
1139 2251 1333 2294 Corinthii
1362 2266 1489 2302 vere,

225 2321 430 2376 postquam
452 2321 708 2374 Corcyraeos
733 2319 782 2360 ad
801 2329 942 2360 terram
962 2317 1084 2373 usque
1106 2318 1192 2361 sunt
1211 2319 1421 2375 persecuti,
1442 2322 1490 2362 ad

225 2390 385 2430 navium
413 2389 647 2444 fragmenta,
674 2388 900 2444 tabulasque
921 2388 1173 2443 colligendas,
1198 2389 1241 2430 δι
1259 2390 1306 2430 ad
1328 2389 1487 2431 suorum

225 2457 414 2500 cadavera
439 2456 669 2514 suscipienda
696 2457 734 2500 se
756 2471 1048 2502 converterunt.
1079 2460 1128 2502 Et
1153 2461 1317 2503 maxima
1345 2473 1502 2502 eorum>
