1670 3094
291 215 430 256 XCIV
529 201 684 250 CAR.
726 198 966 247 ANDR.
1009 196 1338 247 DUKERI

293 308 538 363 λεπτολόγος
553 337 566 356 ,
597 316 739 350 verum
763 305 879 346 etiam
901 302 1118 357 πολυλὸγος
1139 302 1213 352 est,
1238 302 1280 343 &
1303 314 1449 356 magno
1473 308 1567 347 ver-³¹

294 372 439 414 borum
461 370 608 411 ambitu
634 367 852 422 exsequitur
866 395 878 413 ,
903 378 1002 420 quae
1025 378 1106 406 non
1133 366 1261 406 minus
1280 364 1382 406 clare
1404 366 1568 420 paucio-

295 434 407 476 ribus
432 430 639 487 potuissent
669 429 827 484 exponi.
852 426 917 467 De
942 427 1036 467 meis
1057 426 1467 467 Animadverfionibus
1491 426 1570 468 hoc

297 495 420 537 velim
454 493 547 535 sciat
575 490 697 532 1εᾶοτ
713 522 725 540 ,
751 503 817 530 eas
839 489 956 542 longe
988 489 1196 529 maximam
1231 499 1383 544 partem
1414 488 1571 530 interim

299 557 395 598 dum
428 554 577 597 chartas
605 552 738 607 operis
767 549 1064 605 typographicis
1094 550 1294 591 tradendas
1316 549 1432 604 lego,
1450 549 1576 604 iisque

300 617 436 659 omnia
455 614 626 656 describo
643 626 690 652 ac
711 610 887 665 defignO,
909 610 1048 663 partim
1069 622 1092 651 e
1110 611 1402 665 comparatione
1421 611 1575 651 varian-

300 681 350 720 tis
375 679 583 733 scripturae
603 675 793 715 librorum
815 685 934 714 manu
955 683 1227 723 exaratorum,
1257 673 1348 714 alias
1371 686 1422 714 ex
1448 685 1578 714 anno-

302 741 502 790 tamentis‚
526 751 627 793 quae
657 739 699 778 in
730 738 812 778 oris
841 735 1067 791 exemplaris
1099 737 1178 778 mei
1202 735 1339 792 scripta
1359 737 1576 787 habebam,

304 802 488 858 quasdam
509 802 624 842 etiam
643 814 694 841 ex
721 801 790 850 iis,
809 812 913 854 quae
934 799 1029 839 mihi
1051 799 1241 840 memoria
1258 799 1508 854 suggerebat,
1530 799 1577 841 δε

305 865 386 906 levi
409 864 570 917 negotio
594 863 764 904 inveniri
783 871 986 916 poterant,
1014 860 1211 902 confestas
1231 861 1318 903 effe.
1345 862 1465 915 Quae
1488 861 1582 902 lon-

306 940 379 982 gae
399 940 444 967 ac
461 924 676 967 laboriosae
700 923 956 978 inquisitionis
971 934 1101 971 erant,
1118 923 1210 964 mihi
1228 937 1310 966 non
1330 924 1552 979 attingenda
1565 953 1580 973 ,

306 1004 380 1032 nec
401 990 447 1030 de
472 989 629 1043 singulis
654 986 940 1047 diversitatibus
966 985 1175 1041 scripturae
1197 986 1482 1028 deliberandum
1504 986 1582 1028 ess'e

308 1055 426 1103 duxi;
450 1053 487 1093 id
507 1052 615 1107 quod
633 1065 761 1106 neque
782 1051 896 1099 mihi,
919 1063 1009 1091 cum
1031 1051 1198 1105 primum
1225 1050 1323 1091 hanc
1346 1063 1479 1091 curam
1502 1048 1584 1090 sus-

310 1117 521 1172 cipiebam,
544 1113 788 1170 propositum
810 1123 918 1163 erat,
944 1125 1071 1167 neque
1103 1112 1202 1152 ratio
1223 1112 1428 1167 temporis,
1452 1113 1588 1167 operis

310 1177 459 1233 semper
488 1177 716 1231 urgentibus
731 1206 743 1224 ‚
767 1175 810 1216 δι
839 1187 903 1215 me
930 1174 1093 1215 aliarum
1116 1186 1247 1215 rerum
1273 1174 1375 1215 curis
1400 1185 1483 1214 non
1512 1186 1586 1213 va-

311 1256 418 1290 cuo,
449 1241 676 1296 patiebatur.
705 1240 810 1280 Nam
845 1238 941 1280 mihi
973 1237 1044 1279 soli
1071 1238 1205 1278 omnia
1238 1236 1376 1277 eodem
1409 1247 1589 1290 tempore

312 1306 460 1360 agenda
483 1315 614 1354 erant,
636 1302 724 1344 libri
746 1301 835 1343 editi
862 1314 952 1342 cum
974 1298 1120 1354 scriptis
1148 1297 1390 1347 conferendi,
1421 1297 1591 1338 varietas

312 1368 522 1422 scripturae
542 1364 782 1420 excerpenda
795 1395 806 1414 ,
823 1363 867 1404 &
886 1362 965 1403 suis
986 1361 1081 1402 locis
1098 1360 1277 1416 ponenda
1289 1390 1302 1409 ‚
1315 1369 1442 1400 cetera
1455 1358 1589 1400 omnia

315 1440 404 1484 apte
425 1427 659 1475 ordinanda,
675 1424 869 1481 postrema
882 1421 1228 1477 typographorum
1243 1419 1446 1475 specimina
1461 1431 1592 1460 emen-

316 1489 462 1537 danda,
485 1501 530 1529 ac
549 1487 712 1541 denique
729 1484 899 1526 muneris
920 1483 1063 1538 publici
1088 1492 1215 1536 partes
1234 1481 1460 1535 implendae.
1482 1481 1590 1521 Inter

318 1565 389 1601 ea,
407 1564 507 1606 quae
530 1548 680 1604 scripsi,
702 1559 816 1589 erunt
838 1544 1001 1587 fortaffis
1019 1576 1032 1595 ,
1051 1557 1152 1599 quae
1174 1543 1364 1584 tironibus
1384 1542 1592 1584 leffionem

319 1613 563 1666 Thucydidis
588 1613 756 1667 primum
786 1609 1094 1664 aggredientibus
1121 1619 1204 1647 non
1229 1605 1377 1646 inutilia
1403 1604 1478 1646 effe
1502 1604 1595 1660 pos-

319 1676 412 1716 finti
440 1674 597 1721 ἀοέὶοε,
619 1673 762 1727 quibus
785 1671 891 1712 domi
924 1670 1085 1710 meliora
1114 1668 1343 1717 nascuntur,
1377 1667 1473 1709 haec
1499 1665 1596 1708 nihil

320 1737 537 1786 iuvabunt;
562 1736 702 1789 quibus
717 1747 848 1776 tamen
870 1734 1046 1774 laborem
1063 1744 1195 1785 meum
1210 1730 1277 1772 vel
1299 1729 1352 1771 ob
1375 1729 1453 1771 hoc
1466 1727 1596 1771 solum

320 1811 406 1840 uon
427 1798 619 1851 ingratum
655 1794 741 1837 fore
763 1793 922 1836 confido
935 1825 947 1844 ,
968 1793 1075 1847 quod
1101 1793 1145 1833 iis
1167 1790 1432 1848 suppeditavi,
1453 1791 1600 1845 quibus

321 1860 524 1914 ingenium
546 1871 727 1900 exercere
740 1889 753 1908 ,
775 1858 818 1899 δι
839 1856 1062 1910 scriptorem
1092 1857 1292 1909 egregium
1316 1853 1515 1895 meliorem
1539 1853 1599 1895 fit-

324 1937 413 1966 cere
433 1922 586 1978 poffint.
609 1923 694 1963 Nec
710 1922 868 1963 dubium
890 1919 966 1968 est,
981 1922 1077 1975 quin
1090 1921 1207 1960 etiam
1228 1920 1269 1960 in
1293 1918 1352 1959 his
1364 1948 1377 1966 ‚
1395 1931 1496 1972 quae
1517 1919 1601 1959 aliis

325 1986 466 2039 scripta
485 1983 592 2034 sunt,
610 1983 704 2023 mihi
729 1982 962 2030 exciderint,
983 1993 1084 2035 quae
1105 1980 1241 2021 melius
1262 1978 1404 2020 indi&a
1424 1978 1602 2030 firifl'ent3

327 2048 440 2088 cuius
476 2045 627 2100 generis
665 2043 798 2084 deinde
833 2041 910 2097 ipse
941 2041 1129 2096 quaedam
1162 2041 1445 2088 animadverti,
1477 2040 1602 2082 veluti

329 2107 437 2162 quod
453 2109 501 2148 ad
523 2107 625 2157 VII,
649 2120 719 2155 14,
745 2107 792 2146 de
810 2106 901 2146 loco
927 2104 1118 2145 Demetrii
1132 2103 1306 2144 Phalerei
1324 2102 1474 2157 scripsi3
1497 2114 1603 2158 quae

329 2187 421 2216 cum
442 2172 636 2213 doffiores
657 2171 918 2213 emendabunt
931 2201 943 2219 ,
967 2169 1010 2210 δι
1032 2169 1106 2209 hac
1127 2181 1170 2209 re
1189 2168 1287 2209 bene
1308 2168 1355 2208 de
1376 2167 1492 2208 literis
1517 2180 1606 2208 me-

329 2235 542 2284 rebuntur‚
571 2234 614 2274 &
636 2233 714 2288 ipse
748 2233 821 2273 illis
849 2233 1014 2287 gratiam
1036 2231 1212 2279 debebo,
1244 2231 1351 2285 quod
1381 2243 1471 2280 me,
1502 2241 1607 2284 quae

331 2296 588 2350 ignorabam,
615 2294 813 2336 docebunt
831 2326 844 2344 ,
872 2294 963 2343 vel,
987 2305 1091 2346 quae
1123 2291 1302 2333 festinans
1333 2305 1470 2346 parum
1500 2290 1607 2333 re&e

333 2358 486 2414 scripsi,
514 2359 717 2411 corrigent.
745 2358 883 2411 Neque
905 2356 1009 2396 enim
1042 2354 1135 2394 mihi
1167 2353 1306 2409 pudori
1325 2352 1400 2394 effe
1422 2353 1524 2394 duco
1538 2384 1551 2403 ‚
1574 2351 1606 2394 sn

334 2424 436 2464 idem
461 2423 573 2472 mihi,
598 2423 704 2476 quod
724 2433 811 2462 ante
832 2434 894 2461 me
918 2420 1000 2460 aliis
1019 2418 1136 2473 longe
1158 2418 1418 2468 doffioribus,
1442 2418 1608 2468 accidit;

338 2486 432 2540 qui,
455 2483 483 2525 si
516 2484 648 2527 omnia
673 2482 776 2525 re6te
799 2480 1003 2532 vidissent,
1023 2481 1298 2537 posterioribus
1318 2479 1428 2537 saepe
1454 2493 1610 2536 praere÷
