1670 3094
315 222 371 270 32
602 204 1286 253 THUCYDIDIS

313 321 481 368 ωσπερ,
502 323 593 358 τους
611 322 656 351 τε
676 299 1027 371 Λακεδαιμονίων
1045 296 1270 362 βασιλέως
1290 324 1354 371 μη
1379 323 1469 372 pum
1486 295 1578 365 ψί-

314 387 392 448 φῳ
413 376 781 450 ’τροστιθεσθοιι
756 376 974 471 Νειεοίτερον,
999 374 1136 428 ἀλλα,
1158 377 1272 428 δυεῖν
1297 398 1375 427 και
1398 400 1462 428 τον
1483 376 1577 431 Πι-

310 452 490 513 τοινὸιτην
508 451 637 515 λόχον
656 456 793 510 αὐτοῖς
813 461 932 507 εἰνοιι,
957 476 996 511 ος
1015 453 1131 507 οὐδ”
1121 449 1277 518 εγένετο
1296 472 1487 504 πωποτε.
1508 475 1577 503 ov-

310 553 393 587 τως
416 533 724 616 ἀτοολοοιπωρος
741 551 822 585 τοις
839 531 1023 586 πολλοις
1042 554 1063 590 η
1052 526 1245 611 ζήτησις
1263 551 1334 590 της
1352 530 1577 589 ἀληθειως,

311 628 390 658 mu
417 602 488 655 ἐπι
514 626 575 655 τοι
599 598 754 691 ἕτοιμοι
776 605 956 674 μᾶλλον
981 601 1210 677 τρέπονται.

388 703 475 732 κοο.
503 679 584 731 Ἐκ
603 670 649 729 δε
667 702 744 731 των
767 676 972 751 εἰρημενων
995 685 1242 752 τεκμηρίων,
1267 677 1381 750 ὅμως
1398 678 1580 731 nussam

312 755 367 809 οίν
385 779 446 813 τις
468 759 631 826 νομίζων
650 754 862 825 μάλιστα
880 755 914 806 ὁὶ
935 754 1109 816 δὶηλθον,
1132 758 1214 818 οὐχ
1231 755 1480 849 ἁμαρτάνοι
1500 752 1579 807 xa)

313 854 404 884 ουτε
438 833 493 891 ὡς
522 854 693 891 wamma
720 828 933 902 ὑμνηκοισι
961 853 1055 904 περι
1084 829 1240 886 αὐτων,
1272 829 1344 883 ἐπι
1371 854 1416 882 το
1444 834 1578 901 μεῖζον

313 907 586 977 κοσμοῦντες,
620 909 799 978 μοιλλον
831 905 1063 962 πιστεύων,
1097 929 1186 959 ουτε
1213 908 1269 965 ὡς
1293 905 1576 1000 λογογράφοι

312 982 560 1041 Ξυνέὂεσοιν’
549 1006 621 1034 em
643 1007 687 1034 το
712 1005 1088 1055 προσαγωγοτερον
1105 985 1155 1047 τῇ
1172 982 1397 1074 ἀκροάσει,
1417 1007 1439 1043 η
1463 986 1577 1043 ἀλη-

315 1058 548 1132 θέστερον,
533 1081 630 1111 οντοι
648 1056 964 1125 οὶνεξέλεγκτοο,
992 1080 1149 1110 καιτοι
1175 1054 1337 1111 πολλοι
1363 1054 1446 1110 ὑπο
1474 1079 1577 1131 χρο-

314 1162 376 1190 νου
394 1134 527 1188 αὐτων
551 1140 749 1193 ἀπίστως
771 1133 843 1187 {m
865 1159 910 1187 το
933 1134 1152 1206 μυθωὸες
1142 1133 1436 1196 εκνενικηκὸτω·
1466 1137 1577 1207 εὑρη-

313 1213 435 1266 σθαι
463 1203 505 1263 ὃ
495 1233 513 1264 ε
540 1210 808 1283 ἡγησάμενος
836 1234 885 1264 εκ
911 1235 988 1264 των
1016 1210 1371 1275 επιφσινεστωτων
1398 1215 1579 1280 σημείων

313 1358 438 1401 moria
458 1358 701 1409 exciderunt,
718 1359 834 1401 ceteri
852 1372 1014 1414 quoque
1031 1358 1174 1401 Graeci
1191 1370 1273 1399 non
1293 1356 1397 1400 re&e
1417 1356 1580 1411 opinan-

310 1443 405 1473 tur:
437 1431 583 1482 veluti‚
617 1432 1011 1473 Lacedaemoniorum
1036 1443 1146 1485 reges
1172 1431 1212 1470 in
1241 1428 1430 1484 suffragiis
1454 1427 1579 1469 feren-

310 1502 387 1552 dis,
408 1515 490 1542 non
512 1500 668 1556 fingulis
691 1514 909 1556 quemque,
931 1500 993 1542 sed
1015 1500 1112 1541 binis
1135 1501 1194 1542 uti
1219 1500 1392 1549 calculis3
1415 1500 1457 1541 δι
1480 1500 1581 1540 Pita-

308 1584 438 1614 natem
457 1572 663 1614 cohortem
684 1572 787 1627 apud
808 1583 878 1612 eos
895 1569 993 1621 effe,
1014 1583 1116 1626 quae
1136 1583 1338 1625 nunquam
1361 1569 1445 1611 fuit.
1462 1569 1578 1612 Adeo

307 1644 411 1698 apud
429 1643 635 1698 plerosque
657 1642 735 1697 ipsa
758 1642 933 1684 veritatis
954 1641 1198 1696 investigatio
1217 1641 1272 1683 est
1293 1641 1439 1682 laboris
1458 1642 1579 1696 impa-

311 1716 432 1764 tiens,
444 1714 486 1755 &
503 1714 549 1754 ad
566 1728 612 1754 ea
623 1745 634 1764 ,
649 1726 750 1768 quae
770 1711 857 1753 sunt
874 1713 915 1752 in
931 1722 1091 1767 promtu
1101 1743 1114 1762 ‚
1126 1712 1255 1768 potius
1271 1710 1310 1753 se
1328 1722 1579 1754 convertunt.

361 1782 468 1823 XXI.
496 1783 556 1822 Ex
577 1782 635 1823 his
659 1793 789 1830 autem
812 1780 1023 1823 necessariis
1044 1781 1179 1837 fignis,
1202 1794 1303 1836 quae
1322 1780 1422 1832 dixi,
1440 1781 1470 1822 fi
1491 1784 1578 1837 quis
1597 1836 1606 1843 ἱ

306 1865 369 1893 res
391 1866 415 1892 a
440 1865 502 1893 me
524 1862 716 1902 narratas,
737 1851 832 1893 tales
852 1850 1090 1907 potiffimum
1110 1851 1184 1893 effe
1205 1851 1340 1901 ducat,
1361 1851 1494 1906 quales
1511 1866 1577 1894 eas

308 1923 383 1964 effe
406 1923 483 1963 dixi
494 1937 507 1973 ;
529 1923 571 1964 δι
593 1936 675 1964 non
696 1923 826 1977 potius
846 1923 1001 1973 credat,
1024 1936 1088 1964 eas
1110 1921 1185 1964 esse
1208 1921 1325 1972 tales,
1348 1923 1484 1977 quales
1503 1923 1575 1979 ipfi

306 1996 449 2049 po'e'tae
467 1993 711 2035 celebrarunt
725 2025 738 2044 ,
760 2006 824 2034 eas
843 2007 934 2035 cum
955 2003 1097 2035 ornatu
1115 1994 1158 2033 in
1179 1993 1301 2034 maius
1323 1993 1576 2045 extollentem

308 2074 435 2115 neque
456 2061 821 2115 quales·memoriae
841 2062 1096 2117 prodiderunt
1113 2062 1301 2103 orationis
1324 2061 1470 2104 solutae
1489 2062 1577 2105 scri-

307 2140 462 2185 ptores,
485 2130 552 2185 qui
565 2161 579 2180 ,
604 2140 649 2171 ut
670 2131 892 2172 auditorum
917 2144 1031 2172 aures
1055 2131 1230 2186 capiant,
1254 2131 1467 2172 verborum
1493 2131 1574 2174 ille-

309 2198 442 2239 cebras
457 2199 610 2254 potius,
627 2212 745 2253 quam
767 2199 971 2240 veritatem
985 2198 1271 2246 conseaantur,
1291 2212 1393 2253 quae
1405 2212 1467 2240 res
1483 2213 1574 2241 cum

307 2269 421 2310 nullis
446 2270 622 2310 nitantur
646 2272 906 2325 argumentis,
938 2271 1144 2327 pleraeque
1177 2271 1293 2311 etiam
1322 2270 1376 2311 ob
1406 2270 1572 2326 ipsarum

308 2340 538 2389 vetustatem
569 2340 610 2381 in
641 2340 788 2382 fabulas
814 2342 1015 2392 abierunt,
1037 2343 1089 2382 ita
1117 2352 1162 2383 ut
1181 2341 1315 2396 (quod
1346 2340 1437 2383 usus
1469 2343 1571 2384 obti-

310 2409 420 2464 nuit)
433 2409 538 2450 nulla
558 2408 652 2450 fides
674 2409 761 2464 ipfis
786 2409 996 2460 habeatur3
1021 2410 1083 2451 sed
1107 2408 1316 2460 existimet,
1331 2423 1392 2451 res
1412 2409 1497 2451 istas
1519 2423 1572 2452 ex

308 2476 610 2522 manifestiffimis
637 2477 782 2521 indiciis
811 2491 834 2518 a
864 2491 926 2520 me
959 2476 1044 2520 satis
1074 2489 1249 2521 accurate
1278 2477 1573 2535 pervestigans,
