1670 3094
294 185 390 235 302
497 170 1361 224 ANNOTATIONES

295 259 504 301 succeffiffe
519 293 531 310 ‚
549 260 663 301 tradit
683 261 829 303 Conon
855 263 932 303 istis
965 264 1119 304 verbis:
1142 263 1309 306 Φοινίκιον
1335 264 1374 304 ,5⁰
1391 265 1569 307 ἐκπεσόν-

295 328 390 364 των,
417 313 531 368 Κᾶρες
556 314 690 369 ἔσχον.
716 316 772 355 ὅτι
801 317 867 357 καὶ
892 320 966 357 τὰς
1003 316 1133 358 ἄλλας
1163 315 1293 359 mio-ovs·
1323 319 1407 372 περὶ
1438 321 1483 358 τὶ
1507 320 1570 359 Αἰ-

293 368 412 421 γαῖον
438 369 601 419 ᾤκησαν.
621 370 722 411 Vide
745 369 904 411 Meurfii
930 371 1088 412 Cretam
1115 372 1157 413 δι
1181 372 1379 413 Rhodum.
1403 373 1543 413 Huns.

362 434 438 471 ead.
457 432 481 471 I.
503 445 540 480 4.
566 431 643 471 Τῶν
669 427 783 474 νήσων
814 432 992 486 ᾤκησαν)
1014 434 1159 474 Melior
1195 433 1350 475 fortass'e
1383 433 1572 488 scriptura

294 484 393 525 haec
407 485 545 535 ᾤκισαν
557 516 569 534 ,
581 498 683 538 quae
704 484 904 539 significet,
922 489 1090 540 plurimas
1110 489 1242 542 insulas
1266 490 1345 529 illos
1367 489 1570 542 condidtffi:

295 539 335 578 id
359 537 436 588 est,
458 539 612 579 colonias
628 541 666 577 in
686 553 748 578 eas
768 541 938 592 deduxfiffe
950 556 968 588 ;
988 541 1075 591 vel,
1094 543 1190 582 urbes
1210 544 1247 582 in
1270 543 1344 583 illis
1363 542 1570 596 condid1ffi5

297 603 386 641 aut,
411 593 533 632 incolis
552 608 612 632 eas
623 591 859 646 frequentaffi.
887 593 1039 635 STEPH.

350 657 426 693 ead.
449 654 474 693 l.
508 667 540 707 ς.
563 653 795 708 Μαρτὺριον)
820 654 881 694 Ita
906 654 1017 695 alibi:
1040 655 1155 710 supra
1178 656 1456 711 παράέειγμα.
1483 658 1571 698 Me-

299 705 338 746 la
362 707 404 756 Ι,
426 721 441 746 1
454 720 469 746 1
485 723 494 748 :
519 706 682 760 Regnaffe
695 723 733 748 eo
743 709 845 762 figno
864 710 999 749 accolae
1017 711 1208 766 affirmant,
1227 715 1320 765 quod
1328 712 1404 752 &c.
1421 714 1570 752 WAss.

365 770 450 809 ibid.
479 770 772 825 Καθάιρομένης)
809 771 1033 824 Legendum
1060 771 1135 812 effe
1169 772 1455 827 καθαιρομένης,
1488 786 1570 814 non

298 823 611 877 καθαιρουμένης,
639 835 800 878 apparet
814 838 863 865 ex
884 825 1083 880 ἐκάθηραν,
1103 825 1148 866 &
1167 825 1342 880 ἐκάθηρε,
1357 827 1399 868 &
1419 827 1572 881 ἐκαθάρ-

295 877 367 926 θη,
398 877 442 917 &
475 878 682 931 κάθαρσιν,
707 892 808 932 quae
831 878 908 926 III,
941 893 1017 930 104
1051 879 1243 920 habentur
1265 881 1398 921 eadem
1429 881 1476 922 de
1502 894 1572 929 re,

297 932 479 972 nimirum
507 932 548 972 in
577 932 692 973 huius
722 932 900 973 historiae
931 934 1160 974 narratione.
1193 933 1275 974 Nifi
1298 933 1404 975 forte
1432 935 1570 990 aliquis

294 985 581 1052 καθαιρεῖσθαι,
605 996 756 1040 praeter
779 987 955 1027 usitatam
987 987 1301 1042 significationem
1315 1019 1328 1039 ,
1352 989 1467 1029 etiam
1497 1002 1571 1044 pro

297 1040 551 1092 καθαιρεσθαι
575 1041 671 1095 poni
695 1040 899 1082 existimet:
935 1043 1045 1095 quod
1068 1055 1186 1083 nemo
1209 1041 1303 1082 mihi
1329 1041 1569 1097 persuaserit.

298 1094 453 1134 STEPH.
477 1095 589 1135 Hanc
617 1107 752 1135 veram
779 1094 855 1136 effe
876 1094 1112 1144 lectionem,
1139 1108 1223 1136 non
1254 1095 1570 1149 καθαιρουμένης,

298 1162 323 1187 a
351 1158 460 1202 paret
491 1161 541 1188 ex
563 1147 738 1202 ἐκάθηραν
759 1149 802 1189 &
823 1147 993 1203 ἐκάθηρε,
1026 1163 1128 1204 quae
1154 1149 1346 1191 habentur
1374 1150 1456 1198 111,
1482 1162 1567 1201 ¹04·

339 1214 437 1243 uns.
454 1201 519 1242 De
542 1201 650 1243 Delo
674 1203 763 1244 vide
783 1203 982 1244 Platonem
1002 1204 1141 1245 Phaed.
1162 1218 1202 1259 p.
1227 1217 1292 1254 44.
1315 1204 1351 1244 d.
1373 1205 1520 1245 WAss.
1551 1218 1556 1225 J

374 1269 447 1305 ead.
480 1266 505 1305 l.
538 1279 574 1317 7.
604 1263 719 1318 ’Ὑπὲρ
755 1260 874 1318 ὕμισυ
899 1266 1019 1321 Κᾶρες
1053 1265 1276 1320 ἐφάνησαν)
1304 1266 1574 1329 Quintilianus

299 1319 398 1361 VIII
419 1318 539 1360 Instit.
564 1318 724 1361 Orator.
742 1334 769 1369 4
787 1333 810 1360 e
829 1320 1061 1373 Thucydide
1085 1321 1235 1367 laudat,
1258 1319 1294 1361 ἐν
1313 1321 1472 1375 ἑρυμασι
1495 1320 1574 1361 KZ·
1652 1324 1653 1327 ’

299 1388 358 1427 pes
386 1373 589 1423 ἐφάνησαν.
618 1373 715 1415 Satis
752 1384 900 1416 certum
937 1374 992 1415 est
1006 1407 1018 1424 ,
1052 1388 1144 1415 eum
1173 1374 1281 1415 hunc
1313 1374 1445 1415 locum
1480 1385 1570 1416 ante

300 1427 440 1469 oculos
460 1426 649 1468 habuifl'e:
674 1440 804 1482 neque
827 1429 930 1468 enim
953 1428 1116 1482 usquam
1133 1428 1223 1469 alibi
1243 1428 1338 1469 haec
1364 1428 1446 1468 duo
1459 1458 1472 1478 ,
1493 1429 1571 1468 ΚΞ-

297 1497 360 1536 pes·
383 1481 589 1532 ἐφάνησαν,
619 1482 659 1522 in
686 1482 922 1535 Thucydide
955 1483 1145 1536 leguntur.
1170 1483 1396 1536 Hartungus
1422 1495 1446 1522 a
1477 1481 1570 1523 clar.

300 1538 527 1577 Burmanno
549 1535 597 1576 ad
622 1535 914 1590 Quintilianum
935 1537 1119 1578 indicatus
1138 1536 1178 1576 in
1205 1535 1351 1577 Decur.
1403 1536 1487 1577 rim.
1511 1535 1573 1577 lo-

300 1604 384 1631 cor.
410 1590 656 1631 Memorabil.
690 1603 775 1644 pag.
803 1591 876 1642 631
892 1622 904 1641 ,
932 1590 1051 1632 Tom.
1077 1590 1116 1632 11
1141 1590 1322 1645 Lampad.
1386 1591 1445 1630 rit.
1481 1588 1571 1631 scri-
1651 1620 1653 1622 -

299 1645 383 1692 bit,
407 1643 446 1685 se
469 1643 624 1684 lectoris
652 1644 798 1685 iudicio
831 1644 1046 1699 relinquere
1061 1676 1075 1696 ,
1101 1653 1190 1686 utra
1214 1643 1328 1684 lectio
1352 1643 1398 1684 fit
1423 1644 1573 1699 potior.

299 1699 407 1761 Mihi
424 1711 506 1739 non
529 1698 777 1761 dubitandum
799 1698 977 1761 videtur.
1001 1700 1096 1762 quin
1121 1697 1367 1766 praeferenda
1389 1697 1435 1738 fit
1457 1697 1572 1739 lectio

298 1751 781 1849 {oexgffisslmhiissgffplanum
795 1752 1048 1806 Thucydidis.
1070 1753 1125 1794 Ἐν
1148 1767 1308 1807 ερυμασι
1329 1752 1393 1793 luc
1418 1751 1570 1799 nullum

376 1869 453 1907 ead.
483 1867 509 1906 l.
562 1897 572 1907 .
606 1865 927 1919 Ξυντεθαμμένη)
959 1867 1088 1921 Magis
1113 1866 1240 1922 placet
1276 1866 1572 1920 ξυντεὸαμμένη.

298 1921 445 1976 Estque
465 1881 749 1962 oblgrvandum
759 1951 775 1970 ,
801 1918 1205 1983 dici-yvcaoze‘vves'rii
1227 1919 1343 1973 σκευῇ
1367 1921 1572 1983 {undat-'g-

296 1977 411 2027 μένῃ,
433 1988 508 2030 pro
535 1987 610 2025 eo,
632 1974 740 2028 quod
770 1973 945 2016 usitatius
981 1975 1141 2024 dicitur,
1170 1975 1408 2028 ’γνωσθέντες
1437 1974 1478 2015 ἐκ
1501 1989 1571 2016 της
1640 1991 1642 1993 ·

300 2028 609 2082 ξυντεθαμμένης
632 2027 779 2070 σκευῆς.
808 2029 864 2069 At
890 2042 989 2070 vero
1020 2029 1256 2082 ‘ymo-56⁹⁷&
1287 2027 1570 2088 Evv‘reeafflaeffvoa

300 2083 428 2124 multo
450 2084 567 2123 etiam
599 2081 814 2123 inusitatius
842 2082 934 2130 effet
959 2096 1033 2138 pro
1058 2083 1302 2137 ’γνωσθέντες
1329 2081 1370 2122 ἐκ
1391 2097 1462 2122 του
1485 2079 1572 2135 ξυν-

299 2136 488 2189 ταφνῖνοιι,
512 2135 579 2177 vel
607 2135 650 2175 ἐκ,
672 2135 740 2175 τοῦ
757 2135 1040 2189 ξυντεθαμμένοι
1065 2131 1171 2179 εἶναι.
1198 2135 1350 2177 STEPH.

366 2201 442 2239 ead.
473 2197 498 2236 l.
540 2209 598 2236 10.
635 2196 920 2239 Καταστάντος
954 2197 1000 2238 sk
1023 2195 1092 2239 τοῦ
1123 2196 1252 2252 Μίνω)
1282 2196 1347 2238 De
1377 2197 1572 2238 maritimo

298 2253 463 2308 imperio
482 2250 632 2291 Minois
652 2250 741 2290 vide
764 2250 1000 2293 Schefferum
1014 2253 1067 2292 de
1088 2250 1166 2292 mil.
1187 2250 1318 2292 navali
1337 2250 1362 2291 l.
1391 2266 1414 2292 2
1427 2283 1439 2300 ,
1471 2264 1504 2294 c.
1536 2264 1572 2301 1,

299 2323 339 2364 p.
367 2308 439 2361 563
459 2306 502 2346 &
518 2303 688 2344 Annott.
708 2304 756 2344 ad
772 2318 810 2358 p.
830 2305 876 2354 8,
895 2306 959 2347 lin.
988 2305 1025 2346 8.
1050 2305 1188 2349 Huns.
1210 2305 1474 2357 Πλωϊμώτερα
1522 2317 1571 2350 ro

300 2358 569 2413 πλωιμώτερον
583 2386 595 2406 ,
615 2356 709 2411 fing.
731 2371 805 2411 pro
823 2359 922 2413 plur.
939 2358 1072 2413 Steph.
1095 2358 1142 2399 ad
1160 2358 1215 2399 D.
1243 2358 1334 2399 Hal.
1357 2371 1390 2399 c.
1411 2319 1523 2400 XVI'.

357 2426 452 2477 Pag.
478 2435 536 2472 14.
555 2421 582 2461 l.
609 2434 642 2461 1.
671 2421 743 2461 Καὶ
768 2421 886 2475 τείχη
907 2422 1014 2476 &c.)
1036 2421 1158 2475 Τείχη
1184 2421 1497 2475 περιεβάλλοντο,
1521 2419 1570 2462 sc.

302 2478 394 2523 ταῖς
407 2476 596 2527 πόλεσιν,
610 2474 648 2517 id
669 2474 744 2527 est,
765 2477 838 2523 τὰς
862 2475 994 2522 πόλεις
1017 2476 1191 2532 τείχεσιν
1211 2475 1401 2539 &nomom-
1420 2474 1481 2519 Sic
1505 2474 1572 2520 Ci-

1629 2602 1659 2755 skwffff-,zx
1654 2550 1660 2567 ,κ
1663 2485 1666 2499 ..
1632 2431 1665 2452 «Α
1630 2351 1631 2354 ⁴
