1670 3094
314 183 403 230 174
597 167 1284 218 THUCYDIDIS

306 263 347 321 ἐς
380 284 449 322 την
475 255 689 325 Ἀττικην,
710 286 788 315 και
816 287 881 315 τον
909 262 1098 335 πόλεμον
1129 262 1338 339 ἅρασθαι
1371 265 1572 361 φανερως.

350 333 511 430 pawn-¹.
546 339 615 391 Ἐν
639 362 771 410 τουτῳ
806 330 851 391 δε
884 339 1178 413 ἐπρεσβεύοντο
1213 367 1273 414 τῳ
1308 341 1441 415 χρόνῳ
1473 367 1575 415 προς

305 437 397 473 τους
423 414 675 476 ΗΑθηναιους,
705 413 982 486 ἐγκληματα
1003 431 1248 487 ποιουμενοι
1279 417 1393 477 ὅπως
1421 425 1573 482 σφίσιν

305 494 555 560 ὁτιμεγίστη
566 490 802 586 προφασις
829 492 884 552 ειη
902 493 972 544 τοῧ
1002 497 1227 563 πολεμεῖν,
1249 517 1291 555 ην
1311 519 1373 565 μη
1400 519 1440 546 τι
1465 496 1572 546 ἐσ-α-

304 564 475 618 κούωο-ι.
510 564 588 618 καὶ
617 590 772 657 πρωτον
795 588 871 637 μεν
894 565 1098 638 πρέσβεις
1121 567 1378 662 πέμψαντες
1404 576 1439 622 οἱ
1464 572 1572 623 Λα-

304 641 551 712 κεδαιμὸνιοι
581 638 766 694 ὲκέλευον
793 665 884 700 τους
909 640 1212 703 Ἀθηναίους
1169 669 1215 696 το
1247 644 1359 710 ἄγος
1385 644 1572 698 ἐλαύνειν

304 742 376 777 της
394 717 514 769 Secu.
545 740 589 768 το
617 709 711 768 ὃε’
691 716 803 782 οίγος
827 711 869 777 ἣν
897 717 1052 771 τοιονδὶ.
1085 715 1295 772 Κυλων’
1271 745 1312 781 ην
1340 721 1570 783 Ἀθηναῖος,

305 786 405 860 ἀνηρ
429 792 789 883 Ολυμπιονίκης,
810 817 887 845 των
910 794 1064 847 πάλαι
1091 793 1257 861 εὐγενης
1277 819 1323 849 τε
1347 819 1426 849 και
1451 797 1574 850 δυνα-

305 893 348 920 το
340 868 385 926 ”.ς
403 867 692 961 ἐγεγαμηκει
719 860 764 920 δε
789 867 1025 961 θυγατέρα
1053 867 1301 936 Θεαγένους
1326 870 1573 945 Μεγαρέως
1662 887 1663 891 ’

306 940 515 1016 ἄνδρας,
499 969 540 1003 ος
565 946 663 997 κατ’
693 947 832 997 ἐκεινον
858 969 922 998 τον
950 945 1084 1019 χρόνον
1113 947 1305 1020 ἐτυράννει
1330 947 1570 1041 Μεγάρων.

304 1018 508 1092 χρωμένω
534 1012 580 1072 cle
603 1045 664 1093 τῳ
641 1018 894 1074 Κυλωνι’
883 1044 920 1074 εν
938 1022 1139 1085 Δελφοις
1157 1026 1316 1078 ἀνεῖλεν
1344 1027 1363 1075 ὁ
1388 1019 1513 1082 θεας,
1534 1027 1572 1077 ἐν

307 1100 358 1150 τῆ
383 1121 454 1149 του
485 1093 590 1155 Διος
617 1121 664 1162 τῃ
695 1102 882 1185 μεγίστη
909 1098 1016 1170 ἑορτῇ
1043 1100 1323 1161 καταλαβειν
1350 1123 1420 1161 την
1449 1100 1571 1162 Ἀθη-

304 1178 426 1225 ναίων
421 1173 692 1268 ακροπολιν.
710 1176 729 1224 ὁ
748 1165 816 1228 δε,
804 1174 960 1248 ,παρά
977 1197 1022 1226 τε
1043 1175 1113 1229 τοῧ
1136 1171 1383 1241 Θεαγένους
1400 1172 1572 1247 δύναμιν

304 1242 485 1312 λαβων,
522 1271 600 1300 και
626 1273 718 1309 τους
745 1254 901 1312 φίλους
927 1254 1194 1310 αναπείοτις,
1226 1244 1367 1313 'en-213⁵]
1399 1250 1574 1314 ἐπῆλθεν

305 1410 454 1460 minus,
467 1420 673 1466 antequam
693 1410 733 1452 in
752 1410 923 1453 Atticam
944 1411 1223 1468 irrumperent,
1242 1411 1285 1452 δι
1298 1410 1442 1452 bellum
1463 1425 1575 1467 aper-

302 1490 343 1521 te
365 1479 608 1535 susciperent.

359 1549 544 1591 CXXVI.
572 1549 720 1593 Interea
740 1563 841 1591 vero
859 1549 1005 1604 legatos
1024 1549 1071 1590 ad
1092 1548 1344 1591 Athenienses
1370 1548 1573 1600 miserunt,

304 1630 350 1661 ut
369 1619 417 1660 de
436 1618 593 1660 illorum
614 1619 765 1660 iniuriis
787 1630 1140 1674 conquererentur,
1157 1630 1200 1660 ut
1221 1633 1338 1674 quam
1363 1620 1571 1661 maximam
1630 1633 1632 1635 ’

303 1690 347 1731 &
360 1687 662 1745 speciofiffimam
682 1688 771 1729 belli
786 1688 943 1743 gerendi
959 1686 1111 1729 causam
1133 1687 1339 1738 haberent,
1351 1685 1381 1727 fi
1397 1685 1451 1727 illi
1465 1685 1574 1727 nulla
1644 1691 1646 1693 '

301 1762 345 1802 in
365 1773 408 1801 re
432 1759 501 1800 fibi
529 1773 680 1802 morem
711 1773 844 1814 gerere
876 1758 1112 1802 voluissent„
1131 1759 1192 1800 Ac
1214 1759 1383 1814 primum
1413 1757 1571 1814 quidem

301 1829 615 1881 Lacedaemonii,
648 1830 779 1884 legatis
798 1829 846 1870 ad
867 1827 1122 1870 Athenienses
1145 1828 1283 1879 miffis,
1317 1828 1575 1882 imperarunt,

303 1909 348 1939 ut
367 1897 479 1939 Deae
498 1897 695 1952 piaculum
709 1896 808 1937 urbe
830 1895 1025 1950 pellerent.
1042 1895 1240 1937 Piaculum
1253 1908 1353 1938 vero
1374 1893 1573 1936 huiufino-

303 1968 342 2007 di
362 1966 447 2007 fuit.
471 1967 608 2020 Cylon
630 1966 786 2021 quidam
808 1963 1052 2006 Atheniensis
1077 1962 1174 2015 fuit,
1197 1965 1282 2015 vir,
1305 1965 1375 2019 qui
1405 1964 1446 2003 in
1469 1961 1571 2003 ludis

304 2036 552 2091 Olympiacis
567 2037 738 2085 vicerat,
760 2037 859 2077 inter
880 2045 1031 2077 veteres
1050 2035 1091 2076 &
1113 2036 1261 2089 generis
1281 2033 1482 2075 nobilitate
1497 2032 1573 2074 flo-

305 2118 414 2156 rens,
448 2104 491 2146 &
522 2105 662 2160 opibus
694 2116 844 2160 potens.
880 2106 1058 2146 Uxorem
1094 2115 1226 2145 autem
1259 2103 1423 2144 duxerat
1451 2101 1570 2144 filiam

305 2173 547 2228 Theagenis‚
577 2172 655 2215 viri
683 2172 944 2227 Megarenfis,
966 2173 1034 2226 qui
1058 2182 1151 2212 tunc
1175 2170 1343 2225 Megaris
1375 2181 1571 2224 tyrannus

305 2254 402 2286 erat.
433 2243 536 2284 Cum
566 2252 698 2282 autem
730 2241 866 2294 Cylon
888 2240 1050 2296 Delphis
1073 2239 1274 2281 oraculum
1302 2238 1573 2289 consuluisset,

305 2314 419 2355 Deus
442 2311 510 2368 ipsl
526 2310 751 2366 respondit,
774 2321 818 2351 ut
840 2308 1093 2351 celeberrirno
1111 2308 1220 2350 Iovis
1246 2307 1308 2349 die
1333 2305 1429 2348 festo
1447 2306 1572 2348 Athe-

307 2394 446 2423 narum
473 2393 602 2422 arcem
631 2388 853 2434 occuparet.
881 2377 950 2418 Ille
979 2390 1101 2427 vero,
1130 2376 1293 2431 acceptis
1321 2390 1344 2417 a
1365 2376 1573 2430 Theagene

309 2449 462 2506 copiis,
494 2448 537 2490 &
570 2447 704 2490 amicis
735 2444 943 2502 persuafis,
975 2445 1044 2487 ubi
1081 2444 1322 2490 advenerunt
1362 2443 1574 2500 Olympia,
