1670 3094
310 217 404 276 ιώ
509 214 1376 264 ANNOTATIONES

307 305 502 355 historias,
522 307 561 347 in
583 318 708 362 partes
730 318 814 348 xm
838 307 1110 349 distribuerunt
1125 337 1137 357 ‚
1165 320 1245 349 non
1265 308 1393 349 minus
1413 305 1516 351 cer'te
1535 310 1575 351 in
1623 312 1625 315 ’

307 360 430 401 altero
452 361 519 402 illo
542 362 697 402 haerere
723 375 795 402 nos
815 372 960 415 cogunt
981 362 1099 410 loco,
1122 362 1193 404 ubi
1216 363 1348 402 itidem
1374 362 1457 403 libri
1480 363 1576 405 sexti

306 412 423 454 finem
450 414 492 455 &
523 414 671 470 septimi
689 416 916 470 principium
944 416 983 455 in
1010 414 1137 456 iisdem
1158 416 1288 456 verbis
1315 416 1575 458 constituunt:

305 466 366 508 his
388 468 565 509 videlicet
577 500 589 517 ‚
601 469 795 522 Βρασίὲοις
813 469 858 508 st
873 472 980 508 κατὰ
998 472 1062 509 τὶν
1081 467 1198 511 adm
1219 469 1352 523 χρόνον
1369 469 1439 510 τοῦ
1456 471 1575 524 Θέρους

305 536 389 573 στος.
409 522 483 563 &c-
509 523 593 563 Nec
607 523 723 562 video
745 532 868 571 certe,
882 523 972 576 quid
993 523 1121 576 potius
1146 523 1193 564 de
1218 524 1289 564 hac
1309 524 1392 564 eius
1411 536 1574 565 annota-

304 575 411 616 tione
445 575 748 630 respondendum
778 574 846 625 fit,
868 589 984 629 quam
1014 589 1099 616 eam
1130 578 1177 617 ad
1200 590 1274 617 nos
1302 589 1383 618 non
1413 577 1573 624 fideliter

304 627 483 683 scriptam
502 628 734 683 pervenisse:
752 641 844 668 cum
865 629 943 697 ipse
957 628 1154 694 scripsisset
1166 661 1179 679 ‚
1192 629 1258 670 ista
1279 631 1457 684 quidem,
1478 628 1574 673 ἡτοι-

301 683 449 732 μάζετο
469 678 517 723 ὣς
535 682 602 722 ἐπὶ
622 685 696 722 τὰς
715 681 857 732 Σίφοις,
874 683 967 723 ὀταν
992 682 1073 732 sep,
1092 683 1431 735 ἀπαντησόμενος,
1451 684 1569 726 finem

304 736 389 776 libri
414 735 531 776 sexti:
547 746 585 776 at
599 736 717 784 haec,
737 748 837 802 quae
861 736 934 777 illis
954 737 1132 791 proxime
1152 736 1459 790 subiunguntur,
1478 744 1501 777 B
1524 754 1570 778 ee-

305 789 426 831 61'8025,
443 789 488 829 st
512 792 618 829 κατὰ
636 793 700 830 τὴν
722 791 837 830 αυτὸν
862 804 932 844 X?-
954 791 1187 845 principium
1209 789 1356 845 septimi
1375 790 1460 832 effe.
1525 793 1569 832 b-

302 841 531 884 servandum
560 853 714 892 autem,
736 856 819 884 non
840 845 965 884 minus
981 845 1022 884 in
1042 844 1098 884 his
1121 843 1294 894 duobus,
1313 843 1424 886 sexto
1451 845 1492 886 δι
1508 845 1568 886 se·

300 897 450 990 ptimo„
469 911 587 951 quam
618 897 659 937 in
683 897 756 937 illis
770 928 782 946 ,
799 898 917 938 tertio
945 898 987 938 &
1014 909 1176 958 quarto,
1229 898 1308 939 uod
1328 898 1376 938 de
1401 900 1569 954 particu-

317 965 327 989 l

329 963 347 990 s
364 950 434 1002 μὲν
458 952 500 992 &
523 951 568 991 ἑὲ
601 951 742 992 &filum
768 950 863 1000 fuit,
891 953 1093 992 inventum
1115 952 1171 991 iri.
1230 965 1292 992 am
1319 951 1380 993 hic
1404 966 1567 1007 quoque
1578 990 1586 998 v.

302 1003 438 1045 ultima
461 1006 550 1045 libri
569 1003 662 1045 sexti
681 1004 862 1060 periodus
887 1019 910 1045 a
931 1005 1075 1046 vocula
1089 1005 1181 1057 μὲν,
1205 1016 1249 1046 ut
1269 1005 1390 1060 prima
1407 1005 1493 1046 libri
1511 1006 1568 1047 se-

279 1097 282 1100 .
301 1058 410 1112 ptimi
433 1072 455 1099 a
475 1058 664 1113 particula
691 1059 736 1098 ‹st
757 1059 898 1114 incipit.
922 1059 1055 1113 Atque
1078 1069 1126 1099 ut
1149 1059 1197 1099 de
1226 1058 1296 1099 illo
1322 1060 1413 1100 item
1442 1059 1568 1101 altero

300 1112 423 1153 dicam
443 1112 534 1154 loco
557 1113 663 1167 quod
689 1112 809 1153 sentio
823 1144 836 1162 ‚
858 1126 938 1153 non
957 1113 1125 1153 absimile
1144 1121 1245 1153 vero
1258 1111 1335 1162 est,
1357 1125 1447 1154 eum
1493 1115 1567 1154 ari-

301 1177 360 1206 ter
380 1166 487 1207 secus
511 1167 560 1207 ab
584 1167 651 1207 illo
674 1166 859 1221 scriptum
876 1166 1006 1207 fuisse:
1029 1168 1086 1207 ita
1104 1167 1311 1215 nimirum,
1330 1176 1375 1207 ut
1501 1167 1568 1221 ἀρ-

301 1219 383 1273 χὴν
404 1218 472 1261 τῆς
492 1219 682 1274 τετάρτης
703 1219 951 1274 sequerentur
965 1234 1010 1261 ea
1022 1252 1033 1270 ‚
1053 1234 1153 1274 quae
1177 1220 1219 1260 δι
1241 1220 1342 1274 apud
1362 1180 1567 1274 fflcydi-

299 1275 387 1314 dem
415 1273 452 1315 se
482 1274 630 1315 u'untur
661 1275 811 1315 verba:
840 1273 903 1316 sed
927 1275 1127 1315 interiecto
1155 1273 1343 1315 adverbio
1371 1273 1472 1326 ἐκεῖ,
1494 1285 1564 1316 aut

297 1327 448 1369 duabus
493 1329 525 1369 is
544 1328 740 1378 vocibus,
767 1328 803 1368 ἐν
834 1327 998 1377 ἐκείνοις;
1022 1327 1104 1377 sive
1132 1326 1207 1368 istis
1231 1327 1268 1368 ἐν
1298 1326 1453 1381 τούτοις.
1479 1329 1563 1370 Ve-

297 1395 407 1432 rum,
427 1396 518 1423 cum
538 1383 693 1423 minime
715 1381 919 1423 verisimile
938 1381 1007 1432 fit,
1030 1393 1175 1422 tantam
1200 1380 1408 1436 scripturae
1437 1380 1562 1423 mutass

296 1437 446 1477 tionem
475 1451 497 1477 a
527 1437 686 1477 librario
714 1435 858 1476 factam
891 1435 989 1486 effe,
1019 1436 1113 1490 quid
1143 1434 1173 1475 fi
1203 1435 1378 1476 dicamus
1402 1437 1561 1490 potius,

296 1490 447 1530 nullam
476 1490 689 1531 verborum
722 1490 969 1542 Thucydidis
985 1520 998 1539 ‚
1053 1502 1128 1530 uae
1158 1489 1224 1529 vel
1257 1489 1347 1530 huic
1363 1520 1376 1539 ‚
1408 1490 1475 1531 vel
1507 1490 1561 1530 illi

296 1542 445 1585 scholio
471 1544 536 1585 seu
559 1544 802 1584 annotationi
826 1543 995 1597 praefixa
1033 1554 1127 1592 unt,
1153 1541 1367 1583 habendam
1393 1542 1468 1584 effe
1492 1557 1560 1584 ra-

295 1597 466 1638 tionem?
483 1598 638 1653 perinde
659 1597 837 1638 videlicet
855 1611 899 1638 ac
919 1596 948 1637 s1
963 1610 1045 1637 non
1060 1594 1206 1651 abipso
1227 1595 1433 1637 Scholiaste
1442 1611 1558 1658 prae-

293 1650 375 1692 fixa
398 1652 553 1702 forent,
582 1651 644 1692 sed
670 1665 693 1692 a
726 1651 911 1705 quopiam
927 1682 940 1701 ‚
969 1652 1061 1705 qui,
1095 1664 1185 1692 cum
1213 1650 1296 1706 illas
1325 1649 1559 1693 Schohastae

293 1708 564 1747 annotationes
597 1706 759 1759 margini
788 1704 991 1760 adscriptas
1015 1703 1214 1746 invenisset
1232 1735 1245 1753 ‚
1272 1704 1320 1744 ad
1347 1717 1464 1745 unam
1489 1718 1557 1759 pe-

291 1759 448 1800 riodum
475 1761 665 1815 pertinere
684 1759 767 1799 illas
788 1759 1040 1808 existimavit,
1062 1772 1152 1799 cum
1177 1757 1224 1798 ad
1249 1767 1377 1799 totum
1398 1758 1557 1809 locum,

228 1843 231 1845 -
293 1827 411 1867 quam
433 1814 509 1855 late
526 1824 651 1869 patet,
673 1814 910 1868 pertineant:
931 1823 1071 1867 utpote
1093 1811 1279 1853 adverbio
1298 1809 1457 1852 ἐνταῦθα
1469 1825 1554 1853 non

292 1881 432 1917 unam,
457 1868 521 1909 sed
548 1879 752 1921 utramque
777 1866 1020 1915 ostendente,
1048 1867 1087 1907 id
1108 1865 1188 1914 est,
1213 1875 1294 1906 tam
1322 1878 1430 1916 eam,
1451 1879 1554 1920 quae

290 1921 433 1962 librum
461 1935 582 1963 unum
603 1922 762 1971 claudit,
790 1934 907 1974 quam
937 1934 1045 1969 eam,
1066 1933 1168 1975 quae
1195 1919 1357 1960 altei-um
1384 1919 1553 1961 inchoat.

291 1974 491 2027 Quamvis
511 1987 640 2017 autem
663 1975 739 2016 hoc
759 1974 985 2016 adverbium
1005 1973 1171 2014 ἐνταῦθα.
1193 1973 1234 2013 in
1253 1973 1382 2027 priore
1398 1983 1550 2014 tantum

289 2030 543 2071 annotatione
567 2030 738 2083 legatur,
761 2041 842 2069 non
866 2027 975 2070 secus
998 2027 1239 2082 intelligenda
1261 2025 1374 2067 fuerit
1396 2027 1439 2067 &
1457 2026 1550 2068 alte-

288 2095 483 2136 ra‚quam
504 2083 533 2123 fi
551 2083 674 2138 ipsum
692 2083 729 2123 ei
746 2095 909 2136 quoque
930 2081 1147 2136 appositum
1168 2079 1407 2121 haberemus.
1423 2079 1550 2133 Quod

287 2134 318 2176 fi
341 2135 385 2176 &
407 2137 454 2177 de
481 2137 802 2191 hacpartitione,
824 2149 927 2190 quae
954 2149 1027 2190 pro
1055 2135 1160 2175 libris
1188 2133 1283 2174 οᾶο
1303 2132 1549 2186 Thucydidis

1648 1903 1670 1927 ι’ςέ
1656 1883 1670 1899 ι
1650 1804 1670 1874 *if-k,

286 2190 469 2230 tredecim
485 2191 619 2240 dabat,
639 2190 783 2244 aliquid
805 2189 1006 2230 dicendum
1028 2188 1106 2237 est,
1127 2188 1247 2228 miror
1263 2187 1462 2241 equidem,
1475 2201 1547 2229 eos
1580 2201 1585 2204 ·
1643 2195 1646 2203 ⁴

285 2243 392 2285 hunc
415 2244 602 2285 librorum
621 2257 825 2284 numerum
839 2274 851 2292 ‚
877 2256 922 2283 ac
943 2255 1025 2283 non
1051 2241 1115 2282 vel
1143 2241 1330 2281 minorem
1343 2271 1356 2291 ,
1376 2241 1442 2282 vel
1464 2255 1547 2282 ma-

284 2297 411 2338 iorem
432 2297 616 2339 statuisse:
636 2310 717 2338 non
734 2298 939 2337 miraturus
954 2307 1081 2336 tamen
1103 2293 1279 2347 fortasse,
1295 2293 1324 2334 fi
1346 2307 1427 2335 non
1450 2295 1548 2336 duo-

284 2364 374 2392 rum
387 2361 537 2392 tantum
547 2350 736 2392 librorum
758 2349 966 2391 constituta
987 2349 1035 2390 ab
1053 2349 1123 2389 illis
1139 2347 1423 2403 principia‚sed
1446 2348 1544 2390 alio-

283 2417 372 2445 rum
395 2405 548 2460 insuper
571 2405 720 2459 aliquot
749 2414 1069 2459 proponerentur.
1097 2401 1267 2443 Fortasse
1297 2402 1419 2453 enim,
1449 2403 1543 2457 quid

282 2462 403 2505 secuti
424 2474 471 2502 &a
491 2461 532 2501 in
551 2471 595 2501 re
612 2459 740 2500 forent
752 2489 766 2507 ,
791 2456 949 2512 perspici
971 2457 1058 2497 inde
1081 2455 1215 2509 posset.

350 2513 552 2572 Superest,
570 2524 615 2556 ut
632 2513 679 2557 de
704 2512 768 2557 illa
792 2512 906 2554 etiam
929 2510 1162 2567 epigraphe,
1188 2522 1304 2565 quam
1329 2508 1540 2556 nonnullos

1628 2473 1646 2501 ρ,

1627 2350 1657 2370 Ἴ.

1642 2386 1647 2396 ι
