1670 3094
285 177 381 230 ,μ
485 163 1355 214 ANNOTATIONES

283 252 326 293 in
350 251 531 294 «Ριέκπλοι
567 253 758 310 descripsit
786 254 928 296 scholia
959 255 1007 296 ad
1038 255 1076 297 h.
1106 256 1131 296 l.
1163 255 1224 298 sed
1249 257 1371 298 verba
1390 256 1466 306 ,illa
1491 257 1559 299 καὶ

285 306 518 360 ὃιασχίζειν
539 307 607 349 τὴν
630 307 703 350 τὶὂν
721 309 887 350 ἐναντίων
907 308 1020 362 τάξιν
1033 341 1046 359 ,
1066 323 1169 365 quae
1189 311 1376 352 Kusterus
1392 312 1434 353 in
1451 311 1561 353 scho-

282 359 348 418 ¹liis
374 373 455 401 non
474 361 548 415 legi
573 362 684 411 dicit,
709 362 799 403 sunt
820 376 843 404 e
864 363 1071 405 Scholiaste
1097 364 1144 405 ad
1164 365 1225 414 ΙΙ,
1247 364 1311 418 89.

341 418 414 454 ead.
437 416 461 453 l.
491 429 551 456 11.
582 415 636 456 ’Ev
659 414 684 467 ἶ
705 416 748 456 αἱ
770 417 971 471 Ἀττικαὶ)
997 418 1071 459 Hic
1095 418 1348 471 Thucydides
1366 418 1452 472 περ)
1481 417 1559 460 τὸν

283 467 480 509 Ἀθηναίων
494 469 579 509 νεῶν
600 472 664 510 τὶν
687 470 803 524 λόγον
818 470 1032 523 ποιούμενος
1044 503 1056 520 ,
1071 473 1163 526 πρὶς
1186 472 1275 513 τοὺς
1294 468 1419 513 αὐτῶν
1441 485 1558 526 στρα-

285 521 432 576 τηγοὺς
458 522 616 573 μετέβη.
637 524 764 565 Schol.
786 524 834 564 ad
856 525 1037 578 Sophocl.
1058 540 1095 580 p.
1124 540 1223 580 219,
1245 540 1291 565 22
1339 525 1397 567 ed.
1425 525 1560 580 Steph.v

286 577 426 616 HUDs.
441 576 502 637 ,Ἐν
526 574 550 627 ἦ
569 599 614 607 —-
642 577 862 626 Ἀθηναίων)
886 579 994 620 Haec
1022 578 1179 620 laudans
1201 540 1327 620 Schol.
1355 579 1558 634 Sophoclis

289 630 338 670 ad
356 629 491 683 Antig.
519 642 608 684 133,
626 630 784 681 ἐκεῖνος,
803 632 953 685 inquit,
976 634 1061 686 περ)
1085 632 1160 673 τῶν
1180 630 1362 675 Ἀθήνηθεν
1389 633 1474 674 νεῶν
1493 636 1559 675 τὴν

286 683 409 736 λόγον
431 682 672 735 ποιούμενος,
690 683 827 738 ἔτρεψε
849 688 912 726 τὸν
933 684 1052 739 λόγον
1075 689 1169 739 πρὶς
1189 686 1281 727 τοὺς
1298 683 1420 727 αὐτῶν
1442 701 1560 740 στρα-

285 737 441 790 τηγούς.
463 739 563 776 εἱσι-οι
590 738 706 779 habet
728 752 802 794 pro
829 739 863 779 εἴ
883 753 939 778 πη
953 768 966 788 ,
995 739 1084 781 hinc
1106 740 1354 794 corrigendus
1367 770 1379 789 ,
1411 741 1454 781 &
1477 741 1560 782 τοῖς

290 790 471 831 ἐναντίοις
502 791 649 832 omittit
687 803 824 833 contra
857 792 944 835 Mff.
981 793 1089 834 Idem
1121 794 1168 834 ad
1195 793 1295 835 vers.
1331 795 1407 834 266
1435 793 1473 834 εἴ
1502 809 1560 836 orn

289 843 464 900 agnoscit
481 877 494 895 ,
527 856 646 900 atque
670 847 787 887 etiam
819 846 899 887 τοῖς
931 846 1141 897 ἑναντίοις;
1175 846 1240 888 sed
1270 858 1439 902 utroque
1464 848 1558 889 loco

288 899 609 954 παραγενόμεναι
639 913 841 956 perperam
867 900 1038 942 exhibet.
1071 901 1195 963 Supra
1224 901 1249 943 l.
1274 916 1300 956 9
1327 901 1398 943 Gr.
1422 916 1467 942 τε
1490 901 1561 942 καὶ

276 952 416 1008 §chum
443 954 495 993 ita
513 964 571 994 ter
592 954 664 995 hac
683 955 722 994 in
748 955 911 1010 pagina3
938 954 1098 1010 proinde
1120 969 1162 996 ιη
1179 965 1331 997 textum
1355 967 1437 997 non
1455 968 1561 997 rece·

288 1007 342 1063 pi.
360 1007 468 1048 Idem
486 1007 555 1048 lin.
582 1021 598 1047 1
621 1007 721 1049 delet
738 1022 787 1050 co
814 1010 931 1050 ulam.
954 1009 1099 1050 WAss.
1370 1006 1375 1010 ’

350 1063 441 1114 Pag.
461 1075 525 1113 71.
550 1063 573 1101 l.
600 1076 632 1117 5.
662 1062 787 1114 Ταύτῃ
839 1064 931 1105 Huc
954 1061 1096 1117 speetat
1119 1061 1302 1104 Libanius
1325 1062 1560 1103 Parentatio-

290 1127 343 1156 ne
363 1116 403 1155 in
426 1115 622 1157 Iulianum
649 1116 748 1171 Imp.
770 1131 816 1172 p:
837 1130 927 1172 252.
955 1117 1082 1157 IDEM.
1109 1117 1156 1158 In
1178 1116 1280 1158 Caff.
1307 1115 1363 1158 est
1390 1116 1564 1159 scholion

290 1170 341 1210 ad
363 1169 608 1224 supplendam
634 1170 804 1225 ellipsm‚
837 1170 872 1212 ἐν
897 1169 948 1222 τξῐ
965 1171 1108 1226 μερίδι.

347 1224 441 1278 Pag.
466 1237 529 1276 72.
549 1226 572 1263 l.
601 1238 633 1264 1.
653 1225 896 1280 Ξυνέπεο-ον)
917 1225 1010 1266 Non
1028 1226 1164 1275 video,
1189 1223 1258 1278 qui
1278 1223 1427 1264 admitti
1447 1223 1564 1279 poffit

291 1274 510 1323 Ξυνέπεσεν.
536 1278 687 1320 STEPH.
717 1279 764 1319 In
775 1279 880 1333 Reg.
905 1280 947 1320 δι
969 1278 1070 1321 Caff.
1093 1277 1320 1333 adscriptum
1348 1289 1432 1319 erat
1451 1275 1564 1319 scho-

291 1332 374 1373 lion
399 1334 453 1371 τὰ,
475 1332 717 1387 πράγματα.
1548 1342 1550 1344 ’

349 1389 425 1426 ead.
454 1386 479 1426 l.
509 1402 546 1436 4.
568 1382 856 1438 Ἀναθοὺμενοι)
880 1387 969 1428 Vid.
992 1386 1194 1429 Kuhnium
1218 1386 1267 1427 ad
1295 1385 1490 1427 Pollucem
1514 1385 1564 1436 I,⁴

298 1452 386 1493 125.
421 1439 640 1493 Aeschylus
670 1440 769 1481 Pers.
807 1441 914 1490 418:
949 1436 1129 1481 ὑπτιοῦτο
1170 1440 1217 1481 ἑὲ
1249 1443 1407 1480 ΣΚΑΦΗ
1442 1443 1563 1479 ΝΕΩΝ

295 1495 373 1536 διε.
395 1494 474 1536 vid.
499 1494 644 1535 locum.
666 1498 812 1536 WAss.
835 1495 939 1536 Clar.
967 1494 1101 1535 Waffe
1130 1494 1193 1535 hic
1218 1494 1415 1535 deleverat
1438 1492 1566 1534 distin·

293 1546 445 1590 &iones
466 1547 552 1603 post
573 1546 697 1590 εἷλκον
722 1550 763 1590 81.
783 1548 1252 1590 καταδύσειαν.ΚιιῙιηίιι3
1274 1549 1326 1589 ita
1351 1547 1564 1602 distinguit:

295 1603 353 1642 τα
375 1602 503 1654 σκάφη
520 1601 588 1655 μὲν
612 1600 692 1656 οὐχ
716 1600 842 1643 εἷλκον
871 1601 1117 1654 ἀναδούμενοι
1138 1601 1210 1643 τῶν
1231 1601 1316 1643 νεῶν
1328 1630 1341 1649 ,
1365 1601 1415 1642 ἃς
1436 1615 1564 1641 κατα-

295 1656 453 1698 secem
486 1659 580 1711 ’πρὸς
603 1657 650 1698 st
680 1657 769 1698 τοὺς
792 1656 999 1710 ἀνθρώπους
1025 1655 1232 1710 ἐτράποντο
1262 1655 1338 1697 &c.
1361 1656 1418 1696 Ut
1451 1655 1566 1696 Thu-

294 1710 454 1764 cydides
479 1711 601 1761 dicat,
620 1711 850 1752 Corinthios
870 1724 952 1752 non
981 1723 1053 1765 pro
1081 1723 1191 1751 more
1213 1708 1366 1750 traxiffe
1387 1708 1566 1763 religatas

297 1778 323 1805 a
353 1763 429 1805 suis
459 1766 653 1820 puppibus
683 1763 839 1820 scaphas
865 1764 1032 1806 hostium
1046 1795 1058 1814 ,
1083 1763 1144 1804 sed
1203 1764 1308 1805 otius
1335 1763 1382 1804 ad
1410 1763 1566 1804 caedem

295 1820 523 1870 hominum,
544 1818 722 1861 demersis
745 1819 932 1870 navibus,
954 1818 992 1860 se
1015 1817 1162 1859 contuli
1193 1831 1225 1858 e.
1250 1817 1310 1858 Ita
1331 1817 1456 1867 σκάφη
1482 1816 1566 1858 νεῶν

295 1887 366 1929 per
394 1873 632 1936 periphrafin
656 1884 770 1915 erunt
801 1872 913 1924 ναῦς,
936 1883 980 1913 ut
1005 1873 1108 1927 apud
1130 1871 1371 1924 Aeschylum
1401 1883 1567 1980 gpggffie
1643 1924 1645 1927 v

270 1936 276 1943 ·
296 1938 458 1982 expomt
481 1927 715 1970 Scholiastes.
738 1928 862 1982 quue
895 1927 1011 1968 etiam
1036 1925 1291 1982 suspicabatur
1318 1926 1371 1966 H.

296 1995 372 2022 nus
392 1983 433 2022 in
463 1982 579 2023 Thes.
606 1983 762 2037 prolato
783 1982 876 2023 loco
899 1981 1117 2035 Euripidis,
1138 1981 1177 2021 in
1198 1993 1281 2034 quo
1311 1978 1454 2028 σκάφος
1481 1978 1567 2019 νεὼς

298 2049 375 2090 pro
402 2037 495 2076 navi
519 2037 679 2077 dicitur:
711 2037 819 2091 quod
843 2049 982 2077 verum
1007 2045 1118 2090 puto,
1151 2034 1253 2074 Nam
1285 2031 1315 2073 fi
1341 2033 1403 2074 hic
1435 2031 1567 2081 σκάφη

296 2103 373 2144 pro
396 2090 519 2130 alveis
543 2092 702 2131 navium
725 2090 887 2146 accipias
909 2102 999 2130 cum
1024 2086 1256 2136 Scholiaste‚
1275 2099 1355 2127 non
1375 2085 1487 2126 facile
1506 2086 1569 2126 di-

298 2143 366 2184 &u
386 2142 461 2189 est,
485 2146 689 2198 quomodo
711 2144 815 2185 alvei
841 2144 1002 2184 navium
1025 2140 1300 2182 submersarum
1321 2153 1345 2180 a
1370 2139 1567 2195 puppibus

297 2197 516 2238 vielricium
546 2198 695 2252 religari
719 2198 930 2254 potuerint.
962 2196 1098 2237 Scribit
1128 2195 1192 2236 ille
1218 2194 1371 2253 quitlem
1400 2194 1447 2234 ad
1482 2206 1570 2248 cap.

304 2264 374 2305 54,
400 2251 443 2292 &
464 2264 514 2291 ex
534 2265 584 2293 eo
602 2252 734 2292 Suidas
752 2253 792 2291 in
814 2249 1136 2298 καταδύσαντες,
1154 2247 1376 2289 καταθυναι
1397 2247 1462 2287 hic
1484 2260 1567 2288 non

299 2305 376 2346 ess'e
403 2307 578 2359 deprimere
603 2318 747 2354 naves,
769 2304 833 2345 sed
863 2306 1018 2344 lacerare.
1046 2303 1196 2343 Verum
1231 2301 1327 2342 haec
1349 2299 1567 2356 expositio,

298 2371 344 2400 ut
369 2359 420 2400 ibi
447 2369 608 2400 annotat
640 2359 877 2413 Stephanus,
901 2357 1042 2399 merito
1063 2357 1105 2396 in
1126 2355 1287 2397 dubium
1315 2356 1449 2396 vocari
1480 2366 1570 2410 pot-

289 2414 375 2463 est,
400 2426 472 2454 nec
500 2412 611 2454 facile
635 2413 750 2454 ullius
776 2412 931 2467 probati
956 2410 1148 2466 scriptoris
1177 2409 1398 2450 testimonio
1425 2408 1569 2450 confir·

297 2468 397 2509 mari
425 2467 581 2522 poterit.
606 2466 675 2510 Illa
704 2477 832 2508 autem
850 2497 863 2517 ,
901 2478 1001 2521 quae
1037 2464 1276 2519 sequuntur,
1306 2462 1356 2504 ἃς
1390 2459 1570 2507 notras&

1660 159 1670 211 „a
1668 152 1670 156 .
1652 0 1670 147 ade-..124⁴
