1670 3094
304 194 408 246 400
510 180 1382 232 ANNOTATIONES

303 285 371 313 re:
399 271 544 314 etiamst
579 272 726 328 alioqui
761 273 860 314 hanc
889 286 1036 315 vocem
1067 273 1144 315 effe
1170 274 1328 317 verbale
1349 287 1501 318 nomen
1534 275 1587 320 ab*

304 340 357 368 eo
382 327 595 382 profectam
615 327 774 369 constet·
795 328 947 368 STEPH.
1668 352 1670 354 ·

377 385 452 422 ead.
473 383 497 421 l.
529 395 587 430 ¹4·
602 381 756 435 ’Ἔξεστι
781 381 827 421 8³2
850 382 929 422 τοῖς
955 381 1058 436 Ἐφ.)
1080 381 1190 423 Plato
1208 381 1274 423 lib.
1299 395 1319 434 3
1351 383 1398 424 de
1419 384 1587 439 Legibus

305 435 382 485 ait,
402 435 654 490 Ephororum
677 435 902 490 potestatem
921 447 1104 490 tanquam
1124 435 1276 477 frenum
1296 437 1480 479 iniefium
1509 439 1585 480 effe

304 503 442 545 regum
466 490 640 544 imperio.
664 490 766 530 Vide
791 490 878 530 Nic.
907 490 1093 544 Cragium
1116 491 1164 531 de
1194 491 1295 546 Rep.
1315 491 1453 534 Laced.
1479 493 1509 534 1.
1533 507 1556 534 2
1570 523 1586 545 ,

386 575 394 584 .
447 574 458 584 .
522 555 619 583 uns.

308 557 454 650 cag'agr.
479 545 572 644 {184
595 597 620 636 l.
647 595 685 638 8.
707 595 1010 649 Ἐπετρόπευεν)
1029 596 1089 638 Ita
1109 596 1349 639 scribendum
1371 610 1491 666 puto,
1515 609 1589 655 poi

305 652 386 693 tius
404 665 521 705 quam
539 648 815 704 ἐπετρόπευσεν
827 666 835 690 ;
848 651 1037 704 quoniam
1055 652 1261 704 praecedit,
1279 652 1348 693 καὶ
1366 670 1402 694 εν
1418 654 1475 704 τῷ
1490 670 1586 710 παρ-

308 706 386 746 όντι
406 704 701 759 τιμῆνὲχοντα.
722 704 876 746 STEPH.
894 705 943 744 Et
962 704 1016 746 fic
1033 705 1094 745 edi
1110 706 1244 745 voluit
1264 706 1356 747 clar.
1373 707 1522 750 Waffe.

360 763 436 800 ead.
458 760 485 800 l.
517 773 576 809 14.
596 758 802 811 Ἐλεγεῖον)
828 759 921 799 Vid.
947 759 1052 799 aliud
1074 759 1186 814 Epig.
1207 760 1311 814 apud
1335 759 1584 804 Athenaeum

305 813 408 863 XII,
431 828 470 867 9.
501 811 638 854 confer
663 812 856 853 Plutarch.
888 813 935 852 de
964 813 1158 854 Herodoti
1184 813 1272 854 mal.
1303 813 1406 867 873,
1438 817 1510 869 qui
1540 830 1586 858 v.

307 866 559 920 ἐξεκόλαψαν
583 866 674 908 usus
697 866 775 916 est,
802 867 844 907 δι
875 879 949 921 pro
979 867 1220 920 ἐπέγραψαν
1249 867 1365 909 habet
1393 870 1586 925 ἑνεχέιραή

305 920 379 975 ξαν
395 954 408 971 ,
432 923 479 962 ad
503 922 609 962 hunc
630 920 833 975 respiciens
856 920 1003 961 locum.
1026 923 1174 962 WAss.

376 977 470 1031 Pag.
504 975 592 1028 185.
620 977 645 1015 l.
678 988 710 1014 1.
729 974 904 1028 Ὥλεσε)
924 975 1130 1029 Eleganter
1152 974 1381 1031 Stephanus.
1410 976 1484 1018 Sed
1509 977 1587 1029 ita,

304 1040 350 1070 ut
367 1030 430 1071 hic
444 1062 455 1080 ,
473 1029 521 1070 ab
546 1029 627 1070 aliis
649 1029 802 1070 citatur.
825 1029 951 1069 IDEM.

375 1085 465 1139 Pag.
505 1083 591 1124 186.
622 1084 647 1123 l.
678 1086 715 1124 6.
741 1082 986 1136 Ἐνῧὺμησιν)
1021 1082 1219 1125 observat
1245 1083 1347 1125 hane
1384 1097 1526 1126 vocem
1559 1098 1587 1127 e
1664 1081 1670 1106 ¹

303 1137 540 1192 Thucydide
563 1137 703 1178 Pollux
720 1136 772 1185 Π,
797 1150 886 1192 231.
911 1137 1018 1178 Idem
1036 1137 1160 1187 VIII,
1184 1152 1234 1190 27
1256 1137 1402 1187 scribit,
1416 1139 1586 1191 Thucy·

304 1192 431 1233 didem
467 1191 833 1246 παρασημῃνάμενος
867 1191 994 1233 dicere
1026 1191 1091 1232 ἐπὶ
1118 1192 1173 1242 τῷ
1206 1193 1589 1246 παρατυπώσασῧαι
1659 1191 1670 1203 ’“

302 1246 372 1288 τὴν
395 1246 613 1301 cepoe-yth.
633 1246 734 1286 Puto
752 1258 888 1286 veram
911 1244 988 1287 effe
1005 1243 1263 1301 suspicionem
1282 1245 1583 1301 Iungermanni,
1663 1244 1670 1269 i

303 1313 396 1342 eum
415 1301 627 1342 memoriae
648 1300 749 1340 vitio
772 1299 861 1341 labi.

358 1355 453 1408 Pag.
483 1354 567 1407 187.
584 1355 607 1397 l.
635 1368 672 1403 4.
693 1355 845 1404 'Ev‘rb5)
867 1352 988 1394 Reste
1012 1351 1116 1395 abest
1141 1352 1202 1394 Cl.
1226 1355 1375 1395 WAss.

357 1413 432 1449 ead.
457 1411 481 1449 l.
514 1423 552 1463 9.
576 1406 876 1463 Παραβάλοιτο)
904 1409 996 1449 Huc
1030 1408 1189 1463 quidam
1224 1419 1360 1462 putant
1381 1407 1583 1464 respexiffe

300 1463 459 1504 Suidam
484 1463 523 1502 in
545 1461 871 1517 παραβαλέσῧακ
898 1462 1227 1515 παραβαλέσθαι,
1249 1464 1293 1503 τὶ
1317 1461 1584 1516 ἐξαπατῶ-αι.

302 1516 544 1558 oovnusisnf
563 1518 603 1557 ἐι.
626 1512 724 1556 οὕτω
747 1516 814 1557 καὶ
831 1509 991 1570 Ὅμηρος
1007 1513 1261 1569 παραβλῆὃην
1279 1515 1487 1570 ἀγορεύειν.
1510 1517 1584 1559 Ea-
1652 1566 1654 1570 y

302 1573 391 1612 dem
417 1572 533 1612 habet
565 1571 710 1612 Thom.
741 1569 922 1624 Magister
946 1570 987 1610 in
1019 1570 1293 1631 παραβάλλω,
1317 1571 1360 1611 &
1383 1568 1585 1625 παραβλή-

304 1625 404 1675 δην,
432 1626 541 1680 quod
569 1624 625 1666 est
645 1625 746 1679 apud
774 1625 939 1667 Homer.
959 1623 1003 1664 11.
1028 1623 1082 1674 ὃ,
1109 1637 1151 1666 v.
1170 1624 1208 1665 6.
1234 1637 1283 1665 ex
1310 1624 1398 1665 onit
1421 1625 1584 1667 ἀπατη-

302 1681 418 1722 mac
440 1680 508 1720 καὶ
537 1678 906 1734 παραλογιστικῶς.
936 1678 1010 1719 Sed
1035 1677 1113 1719 hoc
1141 1690 1224 1719 non
1254 1691 1279 1733 p
1295 1688 1382 1720 acet
1409 1679 1462 1719 H.
1497 1679 1585 1724 Stes

301 1736 434 1790 phano
461 1735 501 1775 in
523 1733 751 1784 Thesauro,
772 1733 841 1787 qui
865 1731 1169 1787 παραβαλέσθαι
1197 1731 1262 1773 hic
1291 1743 1404 1788 punt
1436 1731 1512 1774 effe
1542 1735 1583 1775 in

302 1791 476 1843 discrimen
494 1789 673 1839 coniicere,
699 1798 746 1827 ut
764 1787 852 1827 alibi
870 1787 974 1842 apud
995 1785 1298 1839 Thucydidem,
1314 1786 1358 1827 &
1380 1785 1477 1827 alios
1493 1785 1586 1828 scri-
1650 1828 1655 1842 ,

302 1854 450 1898 ptores.
475 1843 656 1884 Budaeus
678 1854 838 1896 quoque
866 1841 905 1880 in
929 1839 1196 1882 Commentar.
1220 1853 1258 1895 p.
1285 1854 1365 1895 452
1388 1852 1472 1880 non
1501 1853 1582 1882 ma·

303 1911 478 1953 gnopere
497 1897 652 1938 videtur
673 1909 759 1936 eam
780 1894 1095 1950 fignificationem
1116 1894 1234 1935 liuius
1251 1895 1365 1935 vocis
1381 1893 1578 2002 {robasse
1656 1907 1658 1909 ’

302 1952 457 1992 Tamen
483 1952 604 1992 etiam
623 1949 796 2003 Hesych.
821 1948 1169 2004 παραβαλλόμεναι
1192 1948 1355 2002 exponit
1375 1963 1392 1989 ε
1419 1948 1581 1990 mma·
1648 1950 1661 1955 “

302 2021 388 2047 σαι.
410 2007 459 2046 Et
480 2005 651 2046 Eustath.
675 2008 715 2044 in
735 2002 875 2056 Odyff.
897 2002 950 2053 ά,
978 2015 1064 2058 pag.
1093 2002 1217 2051 1406,
1246 2001 1383 2043 Suidae
1408 2001 1582 2058 explica-
1649 2006 1652 2011 ⁴

300 2061 451 2100 tionem
467 2057 535 2100 τοῦ
557 2057 865 2113 παραβαλέσθαι
891 2068 1113 2098 memorans
1133 2055 1259 2106 addit,
1287 2055 1376 2096 inde
1402 2056 1582 2110 παραβα-

300 2115 478 2168 λέταιρος
505 2114 597 2163 dici,
621 2125 695 2168 pro
721 2112 738 2152 ὃ
760 2110 928 2152 ἀπατῶν
953 2113 1041 2151 τοὺς
1070 2109 1218 2162 φίλους.
1249 2109 1404 2158 Credo,
1422 2109 1581 2151 Suidam

301 2168 423 2217 haec,
453 2178 498 2208 ut
527 2167 709 2222 pleraque
738 2165 833 2215 alia,
862 2178 886 2205 e
912 2164 1190 2206 vetustioribus
1218 2162 1487 2204 Grammaticis
1511 2162 1580 2204 de·
1638 2211 1645 2216 ἡ

300 2220 493 2277 scripsisse.
512 2222 597 2262 Nec
617 2220 801 2261 sententia
821 2219 900 2260 loci
919 2218 985 2260 res
1005 2219 1062 2260 uit
1083 2218 1184 2258 hanc
1198 2217 1579 2271 interpretationem,
1638 2223 1651 2268 g«

298 2277 339 2330 se
367 2277 464 2316 nulla
488 2292 520 2316 re
542 2275 652 2328 ipfitm
671 2273 849 2327 decepff:
876 2233 1004 2335 quoci’
1013 2272 1069 2314 est
1078 2302 1094 2321 ,
1124 2269 1234 2326 quafi
1257 2271 1384 2320 dicat,
1398 2270 1438 2324 fi
1460 2273 1578 2312 omnia
1647 2277 1651 2279 ’

301 2332 349 2371 ab
376 2347 414 2371 eo
435 2329 587 2370 iniunt‘la
607 2343 682 2368 cum
699 2330 772 2380 fide
794 2327 919 2379 obiiſje.
1646 2329 1653 2335 ··

373 2387 449 2425 ead.
475 2386 591 2434 I.··13.
615 2382 910 2432 Ἀνασ-τέισεως)
937 2381 1031 2421 Hoc
1053 2378 1248 2420 immerito
1274 2375 1489 2434 suspeRum
1520 2375 1579 2419 est
1648 2375 1670 2430 {s

302 2439 511 2493 Stephane.
545 2437 637 2478 Mos
658 2435 871 2490 supplicum
892 2445 974 2475 erat
992 2433 1215 2482 καθίζεσίται
1234 2433 1298 2476 ἐπὶ
1320 2431 1388 2475 τῆς
1407 2431 1576 2474 Ἑστίας.

299 2494 460 2550 quando
487 2505 594 2534 aram
623 2489 918 2546 relinquebant,
939 2487 1215 2538 surrexerunt3
1241 2487 1285 2530 δι.
1304 2486 1384 2530 hoc
1408 2485 1463 2530 est
1487 2485 1576 2532 erle
1648 2500 1662 2524 -ῑ
