1670 3094
319 184 415 247 3&
519 181 1387 230 ANNOTATIONES

317 274 431 314 etiam
453 273 645 314 Herodot.
668 272 836 313 Diodor.
872 272 984 314 Sicul.
1007 273 1049 323 Ι,
1071 289 1121 322 42
1137 305 1149 324 ‚
1169 273 1244 323 IV,
1269 287 1372 327 415,
1394 273 1436 315 δι
1455 273 1590 316 Schol.
1667 286 1670 327 ς

317 326 449 368 Aristo
479 327 516 369 h.
548 327 648 368 Plut.
673 327 699 367 l.
725 327 759 367 d.
785 326 842 367 At
869 328 969 367 idem
998 327 1141 368 Nubib.
1170 342 1269 382 397,
1293 326 1585 390 “Fdfflufi‘s'xss-
1666 339 1670 388 ᾖ

316 381 418 421 Mon
473 395 589 422 ucon.
614 381 639 421 l.
673 381 707 421 d.
740 381 892 421 exhibet
923 392 1069 435 partem
1097 381 1273 423 vetustae
1304 381 1588 436 inscriptionis,

315 448 396 488 qua
421 437 668 476 continentur
694 435 853 475 nomina
875 435 1166 476 Atheniensium
1186 464 1198 484 ‚
1226 436 1295 491 qui
1321 435 1449 485 hellis,
1485 449 1587 491 quae

315 488 381 530 hic
402 500 591 530 memorat
609 488 884 540 Thucydides,
907 490 1144 530 interierunt.

372 543 480 605 Pagk
495 556 578 595 ¹45-
602 543 626 582 l.
653 556 690 593 7.
713 543 770 582 Ἐς
798 540 956 592 Ἀλιέις)
986 543 1125 584 Strabo
1153 542 1275 592 vm,
1298 556 1397 607 3'73:
1420 540 1585 596 *Ερμιόνη
1665 563 1667 598 j

315 595 401 636 ἐστὶ
425 612 499 637 των
512 593 578 636 οὔκ
591 592 745 648 &milam
764 594 926 636 πόλεων*
950 592 995 637 ’ἧς
1015 596 1082 638 τὴν
1102 597 1296 650 παραλίαν
1310 599 1329 636 ε’
1369 611 1468 638 ouem
1486 596 1587 636 ‘Am-

315 650 372 690 εῖς
392 650 614 704 λεγόμενοι,
635 648 926 703 ὃαλαττουργοί
941 665 1037 691 τινες·
1056 648 1201 744 ἄνδὲρες.
1220 651 1295 691 vid.
1364 651 1486 691 iodor.
1509 650 1582 699 XI,
1664 699 1665 702 Ἴ

314 717 403 799 piig.
434 703 524 744 282.
551 703 721 745 Eustath.
749 701 866 744 Ἀκίις
891 716 1092 758 perperam
1134 704 1258 745 cribit.
1280 705 1358 744 vid.
1386 704 1518 759 Steph.
1542 705 1586 745 &

359 757 489 811 esych.
510 758 550 798 in
571 754 698 800 ἄλικῆ.
719 757 864 810 Scylax
913 770 971 811 ag.
998 772 1068 798 20:
1093 760 1205 798 Μετὰ.
1229 756 1298 798 τὴν
1320 757 1587 812 Ἐπιέαυρείαν
1656 767 1658 769 ’

314 811 452 865 χώραν
467 843 480 861 ,
495 811 604 852 Ἃλίοι
617 844 630 862 ,
658 812 723 851 καὶ
744 809 870 863 λιμήν.
922 810 1048 852 ausan.
1069 812 1105 852 ΙΙ
1119 844 1132 862 ,
1156 812 1204 862 36
1221 827 1231 852 :
1260 809 1280 853 ἧ
1304 810 1429 852 Ἀλίκη
1447 815 1502 851 τὰ
1517 811 1588 863 μὲν
1656 815 1658 841 ἶ

315 865 375 915 ἐφ’
398 863 497 917 ἥμῶν
517 866 616 907 ἐστιν
638 865 781 919 ἔρημος.
804 865 881 906 vid.
903 866 1080 920 Xenoph.
1102 864 1247 906 Histor.
1271 865 1410 906 Graec.
1444 879 1514 918 515
1540 866 1581 906 b.
1657 861 1668 902 ’-

315 918 396 967 624
416 921 450 960 d.
474 918 601 961 Ἀλεὸς
621 921 737 960 etiam
759 918 885 971 Δῆμος
909 918 979 961 τῆς
1002 920 1060 959 Κῶ
1085 919 1212 961 Schol.
1237 919 1414 960 Theocr.
1436 918 1585 960 Confer

314 974 490 1014 nostrum
514 974 575 1023 ΙΙ,
602 974 659 1028 56.
680 973 884 1014 Demosth.
908 973 946 1013 in
971 973 1135 1028 Olymp.
1162 986 1247 1028 pag.
1270 973 1343 1026 691
1373 976 1585 1013 ΑΛΑΙΕΎΣ.

315 1027 411 1068 Insc.
433 1030 526 1069 Vet.
549 1029 588 1067 in
618 1028 760 1069 Bacchi
782 1028 921 1069 Theat.
943 1027 1087 1068 Athen.
1110 1033 1250 1068 ΝΙΚΩΝ
1282 1032 1462 1066 ΛΎΣΙΟΤ
1491 1032 1588 1067 ΑΛΙ-

315 1085 410 1120 Ε’ΥΣ
434 1082 600 1123 Wheler
624 1082 709 1134 366.
730 1082 808 1123 vid.
829 1081 987 1122 Pausan.
1009 1082 1089 1128 vl,
1115 1096 1199 1135 334.
1220 1083 1367 1122 WAss.
1382 1079 1584 1135 Inscriptio
1655 1085 1657 1090 '

315 1135 414 1177 haec
441 1137 606 1190 pertinet
633 1136 682 1176 ad
700 1136 932 1176 Halaeenses
964 1150 1014 1177 ex
1047 1132 1154 1188 ὃῆμω
1184 1134 1346 1183 Attico,
1380 1136 1444 1175 cui
1474 1133 1588 1176 ςΑλειι)
1646 1179 1648 1182 ,

316 1202 463 1230 nomen
488 1202 582 1231 erat.
609 1188 675 1231 De
699 1203 782 1244 quo
805 1189 950 1230 Meuts.
972 1191 1019 1231 de
1044 1179 1204 1244 Populis
1230 1188 1350 1229 Attic.

371 1249 446 1284 ead.
469 1245 493 1284 l.
517 1245 554 1285 8.
579 1244 652 1283 Καὶ
675 1244 791 1285 ἐνίκων
812 1245 914 1296 Κος.)
936 1243 1039 1285 Cum
1062 1243 1299 1295 Thucydide
1321 1252 1466 1297 pugnat
1484 1241 1585 1283 Dio·
1652 1271 1653 1274 =

316 1297 436 1338 dorus
455 1298 527 1339 Sic.
549 1299 616 1352 qui
634 1299 838 1339 victoriam
858 1299 1044 1339 adiudicat
1068 1296 1366 1339 Athenienfibus
1393 1310 1478 1351 pag.
1509 1296 1587 1336 282
1641 1336 1643 1338 ,

315 1352 376 1392 ed.
402 1352 533 1407 Steph.
560 1352 665 1392 Cum
701 1352 935 1405 Thucydide
965 1364 1094 1394 tamen
1125 1351 1312 1393 consentit
1337 1351 1506 1404 Trogus.
1539 1350 1585 1391 δι

314 1419 406 1446 cum
438 1406 685 1447 Atheniensis
711 1406 828 1447 fuerit
852 1407 1127 1459 Thucydides,
1155 1405 1241 1460 plus
1273 1404 1362 1445 fidei
1390 1415 1582 1455 meretur,
1636 1439 1638 1443 ,

315 1473 435 1513 quam
466 1460 679 1501 Diodorus.
709 1460 931 1501 Palmerius.
958 1462 1097 1501 Huns.
1123 1459 1187 1500 Est
1214 1460 1255 1499 in
1281 1458 1439 1499 Palmer.
1463 1459 1586 1499 Exer-

315 1515 381 1554 cit.
405 1528 443 1568 p.
464 1529 538 1577 45)
561 1515 630 1577 qui
647 1512 795 1568 respicit
816 1515 865 1554 ad
886 1528 955 1565 ea,
977 1528 1076 1568 quae
1097 1513 1278 1568 leguntur
1295 1513 1335 1553 in
1354 1512 1484 1553 lustin.
1502 1512 1582 1563 ΙΙΙ,

315 1568 368 1617 6,
389 1568 456 1609 ubi
474 1580 589 1609 etiam
610 1580 709 1609 1nter
737 1579 836 1610 retes
853 1579 1060 1618 annotant,
1086 1579 1169 1608 tum
1195 1565 1444 1608 Athenienses
1467 1580 1491 1608 a
1512 1566 1584 1607 Pe—
1641 1580 1645 1583 ’

277 1661 280 1664 «
314 1620 553 1677 loponnefiis
573 1623 620 1662 ad
639 1582 774 1663 Hal‘i'as
798 1623 927 1664 vic‘ms
941 1621 1027 1663 effe.
1050 1622 1122 1663 Sed
1143 1621 1172 1662 fi
1193 1622 1239 1662 de
1261 1621 1334 1662 hac
1351 1634 1481 1675 pugna
1498 1620 1583 1661 sen·
1643 1655 1647 1669 Σ

314 1675 386 1726 fit,
411 1677 600 1718 nonnulla
618 1677 730 1717 aliter
753 1690 798 1717 ac
821 1676 1092 1730 Thucydides,
1117 1677 1160 1717 &
1177 1687 1398 1732 perperam,
1416 1673 1552 1715 scribit.

388 1735 463 1771 ead.
489 1732 515 1772 l.
539 1747 576 1786 9.
603 1731 888 1785 Κεκρυφαλείᾳ)
910 1731 1014 1772 Cum
1035 1730 1105 1771 Ar.
1132 1730 1180 1771 C.
1201 1728 1328 1771 scribit
1347 1727 1515 1769 Diodor.
1531 1742 1584 1790 ἰ).
1640 1767 1643 1770 Α

318 1783 396 1824 282
421 1786 455 1825 d.
483 1787 722 1840 κεκρυφαλίᾳ.
744 1785 854 1826 male.
879 1785 1126 1839 Κεκρυφάλιον
1142 1783 1196 1825 est
1219 1783 1420 1826 reticulum
1449 1781 1585 1823 mulie*

315 1837 387 1878 bre
400 1869 412 1886 ‚
433 1839 535 1879 unde
558 1841 604 1880 ad
628 1839 717 1880 retis
741 1840 782 1879 δι
804 1839 989 1880 stomachi
1013 1839 1219 1879 cavitatem
1241 1836 1479 1878 transfertur.
1502 1836 1583 1877 vid.

316 1891 476 1934 Aristot.
499 1893 595 1935 Hist.
617 1893 696 1933 An.
716 1893 753 1933 ΙΙ
778 1892 846 1934 ult.
869 1892 1042 1946 Hesych.
1067 1892 1198 1934 Schol.
1220 1890 1400 1932 Nicandri
1423 1903 1508 1945 pag.
1534 1902 1587 1943 30
1632 1918 1636 1923 »

317 1945 453 1986 Aldin.
470 1948 585 1988 Unus
609 1948 753 2001 opinor
771 1947 912 1987 Plinius
936 1947 1036 1988 hanc
1057 1945 1216 1987 insulam
1243 1943 1424 2000 agnoscit.
1447 1949 1584 1998 Κεκρυ-
1634 1980 1635 1986 ,

317 2000 438 2047 aazia
456 2002 570 2041 etiam
595 2014 688 2042 cum
713 1998 1102 2042 Diodoro'Aristides
1123 2000 1166 2050 1,
1186 1999 1274 2053 269.
1295 2000 1444 2039 WAss.
1461 1997 1582 2038 Prae·
1622 2011 1647 2038 1

316 2063 376 2092 ter
398 2054 562 2095 Plinium
578 2056 653 2104 IV,
667 2056 723 2095 H.
747 2056 797 2096 N.
824 2070 869 2094 12
885 2056 1004 2110 princ.
1024 2056 1143 2095 etiam
1159 2053 1284 2094 Schol.
1299 2052 1347 2092 ad
1367 2052 1404 2092 h.
1425 2051 1450 2091 1.
1468 2050 1583 2092 Thu·
1627 2093 1631 2107 ί

317 2108 449 2159 cydid.
469 2109 511 2149 &
531 2109 596 2149 alii
619 2109 720 2163 apud
742 2110 975 2164 Stephanum
1006 2108 1166 2149 insulam
1188 2105 1262 2148 effe
1286 2106 1476 2147 dixerunt.
1501 2105 1583 2145 Lo-

317 2173 406 2201 cum
426 2162 599 2203 Aristidis
618 2163 812 2217 descripsit
831 2163 993 2204 Photius
1011 2164 1051 2203 in
1069 2161 1256 2202 Biblioth.
1275 2161 1342 2214 qui
1361 2159 1490 2199 itidem
1509 2159 1581 2198 ha-

315 2214 384 2255 bet
402 2218 648 2270 Κεκρυφιιλίᾳ.
667 2217 887 2259 Annotavit
907 2217 1097 2258 Harduin.
1115 2215 1164 2255 ad
1185 2214 1280 2254 Piin.
1303 2210 1484 2254 Errorem
1502 2212 1581 2253 Ste-
1639 2242 1642 2246 .

316 2269 434 2323 phani
455 2270 495 2310 in
516 2269 675 2310 historia
693 2270 901 2312 observant
919 2271 967 2311 ad
987 2283 1077 2311 eum
1096 2270 1175 2309 inte
1221 2278 1331 2307 retes.

373 2327 449 2364 ead.
469 2324 494 2364 l.
521 2338 579 2372 ¹4·
599 2323 906 2375 Ἕβδομήκονπι)
926 2324 985 2364 Ita
1005 2324 1112 2370 libri,
1132 2323 1199 2375 qui
1227 2334 1275 2362 us
1295 2319 1439 2361 accedit
1461 2319 1577 2360 etiam
1635 2307 1644 2346 3-

318 2376 454 2429 Lyfias
481 2378 522 2418 in
551 2377 663 2419 Orat.
687 2377 854 2418 Funebri
876 2390 964 2432 pag.
996 2390 1081 2428 5¹0·
1103 2375 1167 2416 De
1193 2388 1358 2416 numero
1390 2372 1579 2414 consentit
1626 2375 1631 2398 -’

321 2431 438 2471 etiam
470 2431 640 2473 Diodor.
666 2432 743 2480 XI,
777 2432 851 2471 282
874 2432 908 2471 d.
938 2431 1041 2471 Infra
1067 2443 1153 2485 pag.
1179 2429 1232 2481 sq.
1263 2429 1330 2470 lin.
1367 2440 1412 2482 13
1431 2429 1577 2482 μάχης
1622 2431 1626 2446 ³·
1650 2445 1666 2490 {³

319 2484 408 2540 ἕσας».
431 2500 476 2542 γ.
495 2486 543 2529 C.
565 2486 726 2528 meliore
749 2486 894 2527 ordine.
914 2487 1060 2528 WAss.

1664 409 1670 491 1

1663 499 1670 543 i
