1670 3094
253 153 394 215 a&
499 152 1363 204 ANNoTATIONEs

294 255 433 285 contra
463 244 577 295 vide,
594 256 641 287 ut
663 259 753 288 cum
781 245 895 286 Valla
920 245 1075 294 reddas,
1095 247 1339 290 alterutrorum.
1364 246 1472 291 Dum
1495 261 1564 290 au-

293 308 374 339 tem
398 299 502 340 hunc
520 299 596 340 effe
619 299 767 340 sensum
789 299 879 340 dico
899 299 1054 340 illorum
1080 300 1293 341 verborum
1307 333 1320 351 ‚
1344 302 1381 342 ἐς
1409 301 1566 355 ξυμμι-

296 353 397 405 χίοιν
421 350 604 408 ἑκατέρων
619 353 779 403 ἓιέστη,
800 366 882 395 non
901 352 983 394 sum
1003 353 1170 404 nescius,
1192 354 1437 396 Scholiastem
1457 356 1565 398 secus

292 406 519 460 intelligere:
541 408 685 462 quippe
713 408 784 461 qui
815 406 954 450 διέστη
987 418 1163 462 exponat
1190 407 1418 450 ὃιεσπίισδη
1431 441 1443 460 ,
1470 410 1562 450 item

295 459 556 515 ἀνεχώρησεν,
575 462 617 502 &
636 457 674 501 οὗ
693 461 978 513 συνεμάχησεν.
1001 460 1117 514 Quin
1137 463 1254 514 etiam
1275 462 1397 512 addit,
1415 476 1561 516 nequa-

320 527 411 554 uam
443 513 653 568 fignificare
678 514 781 555 velle
805 513 862 554 ὅτι
891 514 1089 567 {peplo-522:
1117 513 1180 555 sed
1202 515 1307 556 solos
1334 516 1565 557 Chalciden-

291 528 348 607 iles
379 581 468 608 cum
497 567 586 608 solis
617 567 892 608 Eretrienfibus
921 567 1064 608 bellum
1093 568 1248 622 geffiffe.
1274 569 1330 610 At
1363 583 1440 624 ego
1475 571 1564 612 huic

292 621 522 661 Scholiastae
546 621 709 661 omnino
735 621 996 662 contradicens
1025 621 1262 676 respondeo,
1283 623 1559 677 Thucydidem

290 673 503 727 significare
526 674 622 715 istud
640 674 839 716 volentem
855 705 867 724 ,
889 674 1078 715 diecurum
1103 687 1239 717 contra
1264 675 1392 727 fuiffe,
1414 681 1460 717 τδ
1497 675 1564 717 ἐέλ-

290 739 335 791 {20
359 728 469 781 (non
490 728 662 783 praefixa
675 728 864 783 particula
877 728 969 778 καὶ)
992 727 1198 771 Ἑλληνικὸν
1214 729 1294 770 ἀπὶ
1321 730 1563 786 ξυμμαχίας

291 781 478 835 εκατέρων
506 781 678 823 ἀπέστη.

356 836 509 876 Verum
530 837 578 876 ad
604 837 772 891 priorem
797 835 904 877 illum
953 836 1036 877 uod
1070 836 1207 878 attinet
1234 837 1388 888 locum,
1415 838 1562 879 haben-

289 898 366 928 tem
389 890 556 930 verbum
580 889 845 942 ξυνιστάμενον
868 903 922 944 po
979 890 1220 944 participium
1243 890 1350 944 ὅριῖῑν,
1374 893 1460 946 quis
1481 905 1563 933 non

291 944 467 994 miretur,
491 944 671 994 Vanam,
693 957 783 985 cum
800 943 982 984 incidisset
1002 944 1041 983 in
1062 955 1142 984 tam
1156 945 1202 985 de
1228 955 1408 985 ravatum
1431 958 1563 987 exem-

290 996 396 1050 plat,
420 1008 466 1038 ut
487 996 571 1052 ὅρων
594 998 660 1039 vel
682 998 724 1038 ἐκ,
746 996 819 1038 τῶν
843 997 930 1051 ὅρων
955 1010 1029 1052 pro
1044 996 1129 1051 ὁρῶν
1146 997 1198 1038 ha
1225 1009 1331 1048 eret,
1354 1009 1499 1039 tantam
1520 1000 1562 1041 &

287 1061 387 1101 tam,
404 1064 495 1092 meo
517 1052 672 1106 quidem
690 1052 855 1101 iudicio,
875 1050 1111 1092 manifestam
1136 1052 1457 1106 depravationem
1475 1065 1559 1094 non

287 1105 618 1147 animadvertiffe?
649 1106 752 1147 Nam
774 1119 825 1146 ex
855 1105 928 1146 hac
948 1104 1113 1146 leffione
1142 1108 1309 1146 manarit
1332 1105 1481 1147 neceffe
1505 1106 1561 1147 est

290 1158 358 1198 ista
379 1160 669 1214 interpretatio,
691 1159 726 1198 δ’
747 1172 852 1200 cetera
875 1160 1022 1200 Graecia
1043 1160 1146 1212 esuis
1160 1161 1295 1211 finibus
1313 1163 1365 1199 ad
1379 1161 1561 1201 alterutros

285 1212 424 1263 acceffi't.
449 1214 576 1268 Quod
602 1213 631 1253 fi
650 1214 797 1262 demuS,
813 1213 976 1254 verbum
998 1212 1250 1266 ξυνίστασδοιι
1273 1227 1363 1254 cum
1377 1213 1476 1267 ὅρων,
1495 1215 1561 1255 vel

343 1269 419 1307 tius
443 1268 485 1308 ἐκ
504 1267 577 1308 τῶν
607 1267 715 1321 ὅρων,
745 1266 854 1322 poffe
878 1266 969 1307 ferri
991 1298 1003 1317 ‚
1027 1277 1068 1306 at
1093 1277 1198 1307 certe
1218 1266 1450 1320 ξυνίστατο,
1477 1280 1559 1309 non

285 1280 569 1416 ἓῖἷέστάὲενον,
592 1320 751 1376 poscere
774 1321 962 1362 orationis
993 1319 1245 1372 strusturam,
1273 1319 1462 1364 fateamur
1493 1335 1559 1362 ne-

283 1387 333 1415 ne
363 1388 386 1415 e
415 1388 437 1416 e
471 1406 480 1415 .

311 1468 314 1472 ,
335 1429 570 1470 Immoratus
592 1428 676 1471 sum
694 1429 836 1470 diutius
855 1428 896 1469 in
916 1428 993 1470 hoc
1011 1428 1123 1478 loco,
1142 1429 1250 1483 quod
1263 1429 1374 1470 varia
1390 1429 1430 1468 in
1450 1441 1560 1470 men-

283 1492 362 1523 tem
393 1485 574 1524 venirent
587 1515 600 1531 ,
620 1484 667 1524 de
718 1484 832 1524 uibus
858 1483 1120 1525 admonendus
1152 1482 1227 1524 effe
1250 1482 1371 1524 1εᾶοτ
1398 1483 1557 1524 videba-

281 1547 364 1577 tur:
389 1537 432 1578 &
453 1538 561 1592 quod
582 1497 838 1579 hunciocum
861 1537 973 1578 velut
1005 1536 1226 1591 exemplum
1246 1537 1387 1577 vellem
1409 1549 1556 1592 propo·

281 1604 375 1632 nere
388 1622 399 1641 ‚
419 1605 536 1645 quam
556 1592 677 1632 multa
698 1592 737 1631 in
757 1590 961 1645 plerosque
986 1591 1082 1631 alios
1107 1591 1327 1631 annotanda
1350 1591 1554 1641 haberem,

278 1643 309 1684 fi
335 1656 511 1686 accurate
542 1647 676 1685 onmia
706 1646 954 1686 annotatione
988 1644 1101 1698 digna
1133 1643 1307 1698 persequi
1330 1643 1548 1685 statuiss'em.

281 1698 402 1739 Simul
441 1713 540 1740 vero
565 1713 695 1740 meum
729 1698 928 1739 confilium
955 1698 1002 1738 de
1031 1698 1231 1738 retinenda
1270 1697 1407 1738 Vallae
1436 1698 1555 1739 inter-

279 1752 515 1806 pretatione,
542 1767 587 1793 ac
609 1766 691 1794 non
718 1752 992 1794 commutanda
1030 1764 1122 1791 cum
1146 1750 1286 1801 altera,
1308 1752 1477 1806 probare
1500 1751 1554 1792 le-

279 1805 380 1848 &ori
403 1807 529 1848 volui.
557 1807 660 1847 Nam
681 1806 748 1848 vel
777 1807 819 1846 in
841 1806 974 1860 paucis
1002 1804 1126 1852 hisce,
1153 1818 1256 1859 quos
1284 1805 1467 1854 exhibui,
1492 1804 1554 1846 lo-

279 1861 353 1909 cis,
379 1862 535 1902 maioris
554 1871 599 1901 ut
619 1859 864 1914 simplicitatis
877 1892 890 1909 ‚
910 1860 963 1899 ita
981 1857 1176 1899 fidelitatis
1200 1858 1390 1913 specimen
1409 1858 1552 1900 vallae

278 1914 548 1968 interpretatio
568 1915 748 1964 exhibet,
765 1927 883 1968 quam
901 1913 964 1953 illa
982 1912 1123 1953 altera:
1138 1925 1238 1966 quae
1254 1911 1343 1953 sane
1360 1925 1442 1953 non
1456 1925 1550 1967 pau-

248 1968 250 1970 ’
277 1966 320 2006 10
343 1969 537 2021 pluribus,
559 1982 676 2022 quam
707 1968 822 2016 haec,
845 1966 1175 2008 emendationibus
1198 1979 1300 2021 opus
1327 1966 1454 2007 habet.
1478 1965 1553 2006 At-

277 2035 355 2075 que
381 2022 442 2062 hic
462 2024 501 2062 in
525 2022 771 2077 simplicitatis
791 2022 988 2062 mentione
1017 2021 1186 2061 occurrit
1210 2019 1447 2061 vocabulum
1484 2019 1553 2071 μέ-

276 2088 359 2128 γαν
382 2076 421 2114 in
438 2077 615 2117 membro
639 2076 727 2126 illo,
750 2076 862 2116 cuius
886 2073 1034 2115 sensum
1056 2087 1080 2114 a
1102 2072 1312 2128 posteriore
1341 2074 1552 2127 interprete

277 2128 502 2183 perversum
524 2129 599 2170 effe
624 2130 729 2178 dixi,
749 2128 917 2169 ἐλπίσαις
935 2127 1070 2182 μέγαιν
1093 2142 1139 2167 τε
1164 2126 1324 2167 ἔσεσθαι
1353 2125 1419 2166 καὶ
1445 2125 1550 2179 ἀξιο-

275 2182 502 2236 λογώτατον
532 2182 605 2224 τῶν
642 2181 987 2235 προγεγενημένων.
1024 2181 1125 2221 Nam
1159 2193 1248 2221 cum
1276 2179 1392 2220 Valla
1414 2179 1548 2233 μέγαν

276 2237 442 2288 ’πόλεμον
456 2268 468 2286 ,
498 2237 541 2277 &
567 2236 788 2291 {impliciter
815 2235 856 2276 δι
875 2235 1040 2275 verbum
1070 2234 1199 2275 verbo
1226 2233 1404 2282 reddens,
1430 2234 1547 2274 inter-

276 2301 448 2344 pretatus
477 2288 628 2339 fuiffet,
652 2304 810 2344 magnum
831 2289 953 2328 bellum
965 2303 983 2336 ;
1008 2287 1071 2327 ille
1095 2287 1219 2328 dicere
1246 2287 1398 2336 maluit,
1424 2288 1547 2326 bellum

276 2344 393 2398 magni
415 2345 580 2384 momenti.
601 2343 657 2384 At
676 2356 752 2397 ego
773 2355 890 2382 omne
909 2354 1090 2395 magnum
1113 2340 1282 2388 bellum,
1310 2340 1440 2394 magni
1471 2339 1548 2381 effe

276 2398 465 2438 momenti
490 2410 613 2452 nego:
635 2398 677 2438 δι
698 2396 854 2450 aliquod
875 2408 1039 2449 parvum
1060 2395 1205 2450 alioqui
1229 2394 1398 2444 bellum,
1416 2394 1546 2449 magni

271 2461 402 2494 tamen
421 2450 527 2507 poffe
549 2450 623 2493 effe
643 2450 829 2494 momenti
849 2449 947 2492 dico,
974 2448 1128 2491 Sum.

1666 705 1670 758 ἰ

1666 763 1670 800 i

1664 807 1670 842 ι

1665 885 1670 922 1.

1664 927 1670 955 l
