1670 3094
285 163 383 226 r403
490 163 1359 218 ANNOTATIONES

284 247 401 290 habet
429 250 702 295 ἐπικαλοῦντες
727 254 788 295 ἐπ’
815 254 984 308 ἐργασία
1004 254 1082 295 τοῖς
1107 255 1344 309 Μεγαρεῦσι.
1368 257 1441 298 Sed
1468 271 1551 301 non

283 301 415 345 habeo
433 305 703 348 auctoritatem
728 310 984 362 probatorum
1008 308 1259 364 scriptorum,
1279 311 1347 365 qui
1364 311 1550 366 ἐγκαλῶ,

282 357 350 396 vel
373 357 550 400 ἑπικαλῶ
570 375 624 401 σοι
650 362 714 402 ἐπὶ
735 363 857 414 τούτῳ
872 365 1057 404 dixerint:
1077 377 1181 418 quae
1201 364 1270 405 etfi
1290 365 1402 414 effer,
1420 377 1551 408 tamen

282 422 444 465 propter
470 414 700 456 consensum
720 416 909 458 librorum
934 419 1154 459 retinendus
1178 417 1281 460 foret
1300 419 1552 463 accusativus.

282 463 423 517 Quam
449 479 581 509 autem
607 470 861 523 Thucydides
889 471 950 513 hic
981 470 1057 526 γῆν
1089 472 1211 526 ἱερὰν,
1235 486 1321 513 eam
1354 473 1549 516 Plutarch.

281 517 414 560 Pericl.
436 535 475 576 p.
503 523 580 576 306
604 523 663 563 ed.
685 523 814 578 Steph.
841 524 941 578 ἱερὰν
962 525 1118 579 ὂργάὲα
1137 538 1281 577 vocat,
1302 527 1345 568 &
1365 527 1566 569 Periclem›

279 571 440 615 decreto
459 575 640 617 adversus
664 577 907 632 Megarenses
926 579 1027 620 hanc
1051 580 1204 621 causam
1226 582 1476 636 praetexuisse
1491 583 1550 623 di-

280 626 356 676 cit,
383 631 450 669 τὴν
471 629 568 683 ἱερὰν
591 629 754 684 ὀργάδα
776 646 845 673 eos
867 632 1180 686 ἀποτέμνεσθαι,
1199 636 1413 688 intervemffi
1430 652 1549 691 agrum

272 680 412 733 stzcrum
426 713 438 732 ‚
467 694 514 723 ut
532 683 630 725 bene
653 684 876 735 Cruserius,
906 700 1008 736 non,
1034 692 1126 742 quod
1140 689 1278 741 stzcrum
1301 690 1412 730 lucum
1438 693 1551 731 caeci·
1606 738 1612 747 Ι

279 734 422 787 diffisa,
446 747 490 777 ut
512 738 732 791 Xylander:
747 742 816 795 qui
834 754 916 781 non
942 742 1235 793 animadvertit,
1261 743 1550 795 ἀποτέμνεσθαι

279 790 385 842 apud
409 790 661 834 Plutarchum
684 795 727 835 &
761 795 860 836 alios
886 795 997 851 saepe
1027 795 1123 847 effe,
1141 798 1211 849 fibi
1233 798 1368 850 aliquid
1390 799 1550 839 vindica·

279 858 314 881 re
327 875 341 891 ‚
371 844 500 896 auftrre
517 877 529 894 ‚
554 847 590 886 ἃ
618 850 838 889 intervertere.
867 850 974 890 Idem
1009 864 1100 904 ager
1126 852 1241 891 etiam
1271 851 1452 892 Helladio
1485 852 1551 895 lib.

277 895 341 937 IV
362 898 647 942 Chrestomath.
674 903 778 958 apud
797 903 908 945 Phot.
932 906 972 944 in
999 904 1180 945 Biblioth.
1209 903 1264 946 est
1284 905 1441 960 Ὀργέος.
1467 906 1549 968 ’ορ-

279 954 363 1004 γὶις
385 952 455 1004 μὲν
479 954 608 997 κοινοῖς
638 958 756 997 πᾶσα
786 954 804 1000 ἦ
829 957 907 1011 γῆ,
931 958 1001 1000 ὅση
1037 958 1240 1000 {ormisda
1269 962 1361 1012 πρὸς
1393 974 1550 1012 καρπων

278 1005 414 1060 γονέος.
430 1008 618 1062 Ὀργάδα
636 1010 683 1051 sk
703 1011 807 1052 isim
826 1012 982 1054 ἐκάλουν
1000 1011 1032 1052 οἱ
1052 1012 1227 1054 Ἀθηναῖοι
1241 1012 1310 1054 τὴν
1330 1013 1418 1054 ταῖν
1439 1014 1548 1054 θεαῖν

279 1061 471 1111 ἀνειμένην
485 1092 497 1111 ,
522 1062 593 1104 τῆς
613 1064 787 1106 Ἀττικῆς
802 1065 956 1119 μεταξὺ
983 1066 1049 1107 καὶ
1064 1065 1132 1108 τῆς
1145 1066 1378 1120 Μεγαρίὲος.
1401 1070 1458 1107 T&
1474 1070 1548 1111 ἕδεα

278 1115 385 1168 apud
404 1115 513 1156 illum
532 1116 619 1159 sunt
639 1119 682 1159 αἱ
709 1120 796 1160 ἓτεα)
819 1119 1053 1170 Ἐλευσίνιοι,
1078 1131 1124 1161 ut
1147 1121 1210 1162 hic
1235 1120 1486 1170 Scholiastes,
1510 1122 1549 1162 id

276 1167 364 1216 est,
399 1169 519 1211 Ceres
549 1172 592 1213 δι
621 1172 847 1229 Proserpina
868 1207 881 1225 ‚
907 1175 1052 1228 quibus
1075 1173 1180 1217 sacra
1205 1186 1313 1216 erant
1342 1175 1546 1216 Eleusinia.

278 1221 437 1264 Lucian.
458 1225 721 1269 Reviviscent.
748 1241 836 1283 pag.
859 1230 936 1278 408
953 1229 1013 1269 ed.
1035 1227 1194 1270 Amstel.
1215 1226 1254 1270 ῖίν
1275 1243 1363 1269 τινα
1389 1231 1453 1270 καὶ
1475 1229 1550 1271 τῶν

273 1278 520 1329 μεμυημένων
533 1280 622 1323 isam
641 1280 922 1337 ἐξαγορεύοντα
943 1283 1028 1323 ταῖν
1047 1283 1153 1324 θεαῖν
1171 1286 1226 1323 τὰ
1243 1283 1551 1337 οἱπόῤῥηταᾸιγ-

277 1330 328 1371 fis
350 1331 621 1387 Pythagoreus
643 1337 746 1406 apud
772 1337 967 1377 Iamblich.
995 1337 1041 1378 de
1062 1338 1144 1378 Vit.
1167 1338 1333 1391 Pythag.
1363 1350 1444 1392 cap.
1473 1353 1520 1390 17
1535 1367 1552 1387 ‚

276 1385 454 1431 βεβάλοις
476 1392 531 1427 τὰ,
552 1390 639 1431 ταῖν
682 1391 908 1432 Ελευσινίαιν
944 1391 1050 1432 θεαῖν
1074 1392 1267 1447 μυστήρια
1298 1391 1550 1445 ἓιαγεῖσθαι.

276 1439 418 1534 atacis
445 1442 499 1537 ze}
523 1445 611 1485 θεώ.
630 1443 801 1486 Eustath.
819 1446 860 1486 in
882 1444 928 1487 11.
951 1445 994 1496 θ’,
1014 1458 1103 1501 pag.
1120 1459 1197 1501 723
1214 1477 1226 1496 ,
1250 1446 1293 1487 &
1315 1444 1480 1487 casaub.
1501 1446 1550 1487 ad

318 1504 333 1532 t
363 1507 422 1534 en.
529 1512 544 1538 1
579 1529 589 1539 .

329 1552 405 1590 ead.
424 1550 450 1590 l.
474 1513 843 1608 1⁹1.‘’‡Avspaevr63⁸wv)
862 1552 1042 1608 Aspafiae
1062 1553 1210 1595 servos.
1231 1568 1272 1595 v.
1297 1553 1548 1596 Athenaeum

274 1614 364 1656 pag.
394 1617 492 1658 570,
523 1606 565 1647 δι
586 1607 782 1663 Aristoph.
814 1609 986 1649 Acharn.
1014 1621 1117 1663 525,
1145 1608 1190 1650 &
1213 1608 1343 1649 Schol.
1376 1608 1480 1650 Vide
1504 1609 1547 1650 &

273 1656 524 1700 Aristotelem
550 1661 675 1703 Ethic.
700 1676 791 1725 pag.
819 1662 892 1717 189
917 1662 1101 1717 Sylburg.
1134 1660 1273 1704 Οὐκέτι
1294 1661 1548 1718 γιγνώσκου-

273 1724 332 1750 σιν
358 1711 537 1755 Ἀθηναῖοι
558 1719 780 1771 Μεγαρῆας.
804 1718 951 1757 WASS.
1521 1758 1524 1762 .

328 1765 421 1819 Pag.
446 1768 534 1822 198.
559 1771 583 1810 l.
609 1784 670 1811 12.
693 1770 765 1811 Τῆς
792 1772 863 1822 μὲν
884 1768 1070 1824 γνώμης)
1101 1770 1249 1810 Laudat
1276 1770 1376 1811 hanc
1397 1770 1548 1815 oratio-

270 1829 361 1858 nem
375 1851 386 1869 ,
413 1819 449 1861 se
478 1835 528 1864 ue
556 1837 642 1865 eam
666 1825 842 1865 admirari
867 1825 993 1866 scribit
1016 1823 1239 1876 Dionyfius
1259 1825 1456 1866 Halicarn.
1480 1825 1546 1865 Iu-

272 1872 344 1913 dic.
370 1874 417 1915 de
479 1877 667 1930 hucydid.
687 1892 771 1933 pag.
798 1893 883 1932 ¹57·
911 1879 1011 1920 Add.
1034 1877 1185 1920 Aristid.
1217 1878 1334 1919 Tom.
1355 1878 1436 1925 ΙΙΙ,
1456 1892 1546 1933 pag.

271 1928 363 1968 226.
385 1930 458 1969 Vir
478 1944 642 1986 magnus
662 1946 744 1973 non
770 1932 857 1974 satis
877 1947 900 1973 a
926 1944 965 1973 te
990 1932 1148 1974 videtur
1170 1945 1415 1986 componere
1429 1933 1546 1991 phra-

270 1979 328 2019 fin
349 1981 548 2039 Aristoph.
575 1986 720 2027 Nubib.
749 1999 822 2040 157
847 1986 1012 2041 ὅποτερα
1037 1986 1104 2028 τὴν
1126 1987 1278 2040 γνώμην
1305 1986 1420 2039 ἔχοι,
1451 1999 1544 2027 cum

271 2033 344 2075 hac
366 2037 644 2090 Thucydidea,
669 2040 776 2095 quasi
805 2041 905 2081 idem
932 2039 1219 2095 fignificantem.
1246 2040 1348 2080 Nam
1367 2039 1469 2080 aliud
1486 2039 1543 2080 est

268 2087 309 2126 in
337 2089 594 2145 Aristophane
621 2094 706 2147 ἔχω
739 2094 918 2149 γνώμην,
951 2095 1054 2136 aliud
1093 2095 1153 2135 hic
1182 2093 1332 2148 ἔχομαι
1356 2093 1512 2148 γνώμης
1530 2108 1543 2134 :

269 2141 382 2191 illud,
400 2145 480 2197 fitm
503 2149 541 2187 in
554 2147 748 2200 fintentia,
770 2150 848 2190 hoc
865 2180 878 2199 ,
899 2151 1006 2203 persto
1033 2151 1070 2188 in
1089 2149 1268 2199 sententia.

324 2201 400 2238 ead.
428 2198 454 2238 l.
486 2214 545 2249 14.
569 2201 721 2257 Ὀργξῖ)
740 2204 858 2243 Hunc
882 2203 1012 2244 locum
1034 2203 1157 2243 innuit
1179 2202 1310 2243 Suidas
1332 2200 1370 2241 in
1387 2195 1536 2254 εὗοργῆ-

268 2265 355 2290 τως.
379 2251 471 2306 ὀργὴ
488 2283 499 2302 ,
522 2255 671 2310 inquit,
693 2257 709 2296 ὅ
733 2257 893 2310 τρόπος,
913 2258 965 2296 ita
986 2256 1115 2297 Schol.
1137 2254 1358 2308 Thucydid.
1382 2255 1424 2295 δι
1445 2255 1536 2295 Sch.

268 2305 452 2350 Nicandri
475 2322 563 2363 pag2
585 2323 634 2358 71
658 2310 745 2352 Ald.
768 2312 807 2350 in
838 2311 896 2352 ed.
917 2310 1128 2364 Sophocles
1150 2309 1268 2350 Aiace
1292 2321 1366 2362 pro
1389 2308 1535 2350 studio:

268 2357 425 2411 ἐμφερὴς
452 2362 531 2414 ἐμοὶ
545 2395 558 2411 ,
580 2364 736 2404 ὈΡΓΗΝ
759 2365 795 2403 3’
819 2363 950 2415 ὅμοιος.
972 2364 1086 2405 Clare
1107 2363 1311 2417 Theognis
1325 2377 1341 2418 :¹

322 2414 431 2467 Κύρνε
452 2417 587 2466 φίλους
610 2421 717 2458 κατὰ
739 2417 899 2458 πάντας
917 2417 1119 2470 ἐπίστρεφε
1141 2423 1310 2459 ποικίλον
1334 2420 1490 2466 ΗΘΟΣ,

378 2475 521 2513 ΟΡΓΗΝ
549 2473 781 2529 συμμίσγων
799 2469 840 2515 ἦν
861 2472 926 2514 τιν’
945 2468 1110 2513 ἕκαστος
1132 2470 1233 2526 ἔχειι
