1670 3094
279 190 374 240 πμ
483 173 1351 222 ANNoTATloNEs

279 265 418 303 tenu‘am
438 265 552 318 adepti
569 263 692 318 efflent,
713 279 769 303 eos
793 261 1046 313 adducentibus.
1072 263 1185 304 Hanc
1206 271 1309 303 certe
1329 260 1480 316 γραφὴν
1501 260 1544 303 δι

278 317 398 358 Valla
420 316 613 372 sequitur,
636 318 706 372 qui
731 318 870 365 vertit,
892 333 952 357 eas
973 330 1086 369 gentes
1112 317 1368 357 adducentibus.
1391 316 1545 357 STEPH.

332 372 418 411 ibid.
441 371 513 411 Καὶ
535 371 783 426 ἐπειγομένων
805 366 945 412 αὐτοὺς
965 371 1069 424 διε.)
1088 370 1163 411 Ae.
1186 370 1326 411 Portus
1349 369 1489 411 vertit:
1508 368 1546 408 6·

278 427 376 465 ceteri
411 425 598 478 Theffc'zliae
616 426 736 479 populi
758 439 816 465 eos
838 427 874 464 in
898 425 994 465 alias
1014 425 1172 465 civitates
1204 424 1331 464 auxilii
1355 423 1460 476 causa
1484 437 1544 462 ar-

277 478 445 531 ceffirunt.
464 479 536 520 Sed
554 480 632 520 hoc
648 491 730 520 non
743 478 790 518 de
807 477 992 519 Thessalis
1009 478 1272 533 accipiendum
1282 509 1294 528 ,
1311 477 1431 518 verba
1451 489 1548 517 con-

278 533 413 573 iunEta
426 534 626 574 evincunt.
643 545 732 572 nam
753 532 827 581 ait,
839 531 912 572 τῶν
930 531 1082 572 vulsor
1102 532 1352 584 ἰσχυσάντων
1367 531 1433 571 καὶ
1450 531 1546 570 ἐπει.

278 587 465 640 γομένων.
487 587 651 642 proinde
675 597 842 640 utraque
871 599 956 626 vox
982 585 1189 626 comunem
1214 585 1358 641 copula
1386 585 1433 625 ad
1464 583 1548 624 eos-

279 640 368 680 dem
396 639 474 693 (sc.
503 640 704 681 Hellenem
730 638 887 693 eiusque
905 639 1071 687 liberos)
1096 638 1271 680 refertur.
1294 639 1464 679 Aeacius.
1482 637 1547 678 Sic

279 694 399 736 Valla
419 694 553 735 vertit:
580 695 725 734 Hellene
749 706 861 733 autem
880 692 1011 748 eiusque
1035 693 1147 732 liberis
1165 694 1204 732 in
1229 693 1429 733 Phthiotide
1441 706 1548 731 rerum

275 749 423 801 potitis,
450 748 487 787 6·
505 764 565 788 eas
610 761 700 787 entes
723 748 934 788 emolumenti
951 748 1066 800 gratia
1083 748 1122 786 in
1143 747 1236 786 alias
1260 747 1419 787 civitates
1436 748 1549 785 addu-

281 802 434 842 centibus
457 801 532 842 &c.
600 813 697 843 uns.
721 799 876 842 Salmas.
901 800 927 841 1.
956 801 993 841 d.
1018 814 1055 866 p.
1083 813 1161 852 427
1183 799 1288 841 hunc
1310 800 1442 840 locum
1466 799 1550 839 lau-

283 855 376 896 dans
398 855 526 896 scribit
551 853 732 905 ἑαυτοὺς,
749 856 791 896 δι
817 868 856 910 p.
879 854 954 907 348
972 851 1140 902 αὑτοὺς,
1159 853 1260 895 vitio
1276 852 1551 908 typographo-

283 923 394 955 rum,
423 922 498 964 pro
517 906 655 950 αὑτοὺς
669 941 681 958 ,
703 909 812 963 quod
834 907 889 950 est
908 909 948 948 in
968 908 1075 949 clar.
1092 907 1198 947 Idem
1218 917 1259 962 p.
1286 921 1360 962 275
1387 908 1440 947 ita
1462 919 1551 947 ver-

284 964 352 1004 tit:
370 965 451 1004 Cum
470 979 548 1004 vero
568 963 698 1002 Hellen
719 964 756 1003 6’
775 962 849 1004 elus
867 963 944 1002 nati
962 963 1160 1005 Phthiotide
1178 960 1362 1011 Thefflzliae
1374 963 1463 1001 vites
1481 961 1552 1001 col-

284 1016 456 1070 legiffint,
473 1017 510 1057 ὃ·
534 1018 572 1057 in
590 1018 771 1071 proximas
794 1017 937 1072 quasque
957 1017 1055 1056 urbes
1075 1014 1193 1055 semet
1212 1014 1435 1067 induxtffint.
1457 1014 1553 1054 Non

284 1072 406 1112 video
422 1102 434 1121 ,
457 1085 526 1112 cur
557 1084 638 1112 non
692 1070 779 1111 offit
810 1070 901 1111 ferri
927 1066 1075 1110 αὐτούς.
1098 1069 1144 1110 In
1173 1068 1273 1122 Reg.
1301 1067 1343 1109 su
1394 1082 1413 1109 r
1439 1067 1480 1108 h.
1509 1081 1552 1107 v.

284 1124 469 1180 scriptum
498 1125 553 1166 est
572 1124 665 1166 scho
680 1126 765 1174 ion,
785 1124 874 1165 τοὺζ
897 1123 1087 1171 Φθιῶτας,
1110 1135 1213 1178 quae
1232 1132 1326 1163 nota
1371 1135 1468 1176 gura
1485 1121 1552 1161 est-

286 1180 446 1220 Lucian.
471 1179 630 1220 Timon.
651 1193 690 1234 p.
716 1192 787 1232 75:
821 1177 943 1218 Πολὺν
974 1176 1047 1219 iisn
1070 1176 1203 1236 χρόνον
1225 1172 1306 1217 065⁹
1337 1173 1554 1227 ἀπέβλεψα

288 1235 344 1273 εἰς
364 1233 434 1274 τὴν
463 1230 650 1275 Ἀττικήν.
680 1233 748 1272 καὶ
779 1232 962 1284 μάλιστα.
985 1231 1027 1284 ἐξ
1051 1226 1096 1271 οὗ
1113 1228 1319 1282 φιλοσοφίαι
1341 1231 1407 1270 καὶ
1431 1228 1556 1282 λόγων

287 1287 309 1329 ἔ
330 1287 412 1328 ιέες
436 1286 688 1327 {mommo-av
715 1282 858 1328 αὐτοῖς.
878 1286 927 1327 Et
946 1286 985 1325 in
1011 1286 1154 1326 Latinis
1180 1283 1439 1338 scriptoribus
1461 1282 1554 1323 nihil

288 1305 538 1396 tsequentius.
559 1341 649 1382 Vid.
670 1341 855 1382 Gronov.
880 1339 917 1380 II
933 1340 980 1380 de
1002 1339 1143 1380 Pecun.
1165 1347 1246 1380 vet.
1276 1351 1315 1388 4.

343 1397 426 1436 ibid.
445 1395 649 1446 Ὠφελείᾳ)
669 1395 760 1436 Vid.
781 1394 962 1435 Iudicem.
986 1394 1141 1435 Lucret.
1161 1393 1279 1432 multis
1296 1392 1438 1445 praebet
1451 1391 1557 1444 regio-

290 1450 392 1490 nibus
412 1465 538 1504 aequor
562 1449 780 1490 Utilitatem
804 1461 1028 1504 opportunam
1053 1447 1250 1501 fitientibus
1279 1447 1416 1486 nautis:
1445 1445 1558 1485 aliter

289 1503 413 1559 paulo
431 1503 653 1556 Aeschylus
676 1503 715 1544 A
743 1515 819 1543 am.
849 1501 1006 1542 Πολλῶν
1025 1503 1106 1556 γᾶς
1130 1500 1275 1541 ἐσθλῶν
1295 1499 1363 1541 τὴν
1385 1503 1557 1539 ΟΝΗΣΙΝ
1578 1499 1583 1510 ’

290 1557 459 1610 εἱλόμην.
471 1558 617 1598 ΨΑεε.
630 1557 695 1598 De
732 1557 899 1598 ententia
919 1555 1063 1596 horum
1073 1555 1290 1596 verborum
1313 1554 1390 1608 agit
1402 1551 1557 1594 Salmas.

291 1611 317 1653 l.
337 1612 371 1653 d.
394 1627 432 1668 p.
457 1624 531 1666 ²75
555 1611 599 1652 δι
615 1625 704 1664 427.
729 1611 780 1652 Et
795 1611 842 1651 de
862 1609 911 1662 τῇ
933 1609 1064 1662 ὁμιλίᾳ,
1085 1607 1247 1661 μᾶλλων
1263 1622 1302 1663 Ρ.
1331 1606 1418 1660 348.
1443 1606 1486 1660 sq
1515 1637 1526 1647 .

365 1670 441 1707 ead.
467 1666 493 1706 l.
519 1680 557 1720 9.
578 1659 786 1719 ’Ύστερος)
823 1665 939 1705 Hanc
966 1663 1169 1704 lectionem
1201 1658 1356 1714 ὕστερος
1387 1673 1490 1715 agno
1507 1661 1559 1701 cit

292 1720 545 1768 Scholiastes,
566 1720 763 1760 immerito
786 1729 915 1760 tamen
945 1717 1103 1759 alteram
1140 1716 1304 1769 margini
1323 1714 1452 1755 adseri
1478 1725 1558 1754 tam

292 1775 547 1829 improbans,
575 1784 758 1828 tanquam
786 1771 924 1823 πολλῷ·
953 1784 1023 1826 per
1047 1771 1085 1812 se
1108 1769 1296 1820 sufficiat,
1321 1768 1365 1810 &
1389 1768 1436 1809 ad
1461 1769 1558 1808 'tum
1640 1796 1643 1801 ,

292 1826 448 1883 ὕστερον
471 1828 650 1869 abundet.
676 1827 828 1869 STEPH-

325 1886 424 1952 lead.
454 1884 479 1923 l.
507 1896 567 1922 11.
597 1881 841 1945 φῧιώτιέος)
862 1879 954 1922 Vid.
979 1878 1108 1920 Schol.
1133 1878 1179 1918 ad
1202 1876 1245 1918 Il.
1265 1876 1293 1927 l,
1322 1887 1420 1930 395,
1448 1875 1490 1916 &
1511 1875 1558 1916 Il.

293 1930 1284 2045 sithi?³Aissutss¹⁶3555132ui²1iiss²}{0‘Zdzscfliz‘isxi‘j‘
1299 1929 1561 2025 ἃςῗῗῖῗνίἓςῖ

295 2043 448 2086 Salmas.
468 2044 493 2084 l.
513 2044 550 2085 d.
570 2058 608 2098 p.
636 2056 709 2098 349
730 2053 910 2084 removet
931 2054 977 2082 ea
990 2072 1002 2091 ,
1024 2053 1126 2095 quae
1145 2050 1298 2080 veteres
1318 2037 1475 2091 quidam
1498 2037 1560 2077 ad-

296 2097 433 2139 versus
444 2098 722 2150 Thucydidem
738 2096 1042 2151 disputaverunt.
1053 2093 1220 2135 Versum
1241 2091 1428 2139 Homeri,
1440 2104 1559 2145 quem

295 2152 363 2193 hic
382 2151 495 2192 affert
522 2162 722 2192 enarrator
741 2151 919 2193 Graecus
939 2162 989 2189 ex
1018 2148 1063 2189 ΙΙ.
1090 2147 1140 2197 β’,
1170 2159 1266 2199 530,
1290 2143 1460 2199 spurium
1483 2143 1559 2185 effe

298 2207 417 2248 etiam
437 2205 488 2245 ibi
508 2215 669 2246 annotat
692 2218 838 2260 parvus
863 2202 1101 2245 Scholiastes.
1134 2201 1183 2242 Et
1208 2199 1261 2241 fic
1288 2197 1441 2240 Salmas.
1469 2198 1495 2238 1.
1519 2198 1558 2239 d.

298 2271 568 2367 Paffiagfcgsl.
599 2327 633 2352 2.
657 2310 917 2364 Ἀντίποιλον)
940 2309 1047 2351 Citat
1067 2305 1237 2360 Hesych.
1268 2305 1310 2348 &
1336 2305 1438 2361 expl.
1462 2305 1561 2346 ἔνων·

300 2367 401 2416 τίον,
420 2365 574 2420 ἐχθρόν.
588 2366 743 2406 damnat
762 2365 815 2405 D.
842 2364 968 2405 Halic.
989 2363 1036 2403 de
1062 2359 1226 2404 Caribus
1243 2374 1285 2401 v.
1306 2359 1498 2402 Herodot.
1516 2358 1563 2408 1,
1644 2362 1654 2373 ’·

305 2422 393 2462 161.
413 2423 559 2462 WAss.
581 2419 699 2474 Quae
720 2420 783 2459 lin.
809 2434 826 2472 3
881 2417 1009 2458 uidam
1026 2416 1149 2459 Codd.
1174 2415 1315 2459 addunt
1335 2414 1383 2455 ad
1401 2413 1463 2455 illa
1487 2413 1561 2455 ἀλ-

302 2471 427 2519 λήλων
452 2473 646 2530 ξυνίεσαν,
671 2472 829 2529 gloffam
870 2473 1016 2528 apium.

1643 2944 1670 3014 ’ἢέν
1655 2923 1658 2925 ›
1651 2877 1664 2894 ,γ
1652 2861 1661 2870 ι
