1670 3094
278 221 343 270 74
573 204 1255 253 THUCYDIDIS

277 296 538 363 τοπῆο-αντες
559 303 643 353 ἀπ’
665 299 835 362 Ἀθηνων
864 299 966 355 εἰναι
994 305 1077 365 οὐχ
1105 298 1210 360 ἕσας
1239 296 1419 392 ἑωρων,
1407 295 1543 353 ἄλλα

278 382 474 436 πλείους,
501 377 801 450 ἒπανεχῶρουν.
826 381 908 436 τοῖς
933 370 979 430 δε
1003 379 1269 452 Κερκυραίοις
1299 374 1350 447 (⁹
1339 374 1545 430 επέπλεον

279 476 374 522 γαρ
391 456 569 524 μᾶλλον
589 456 637 506 ἐκ
658 454 731 506 τοῧ
758 448 985 524 αφανοῧς)
1002 458 1085 518 οὐχ
1109 453 1303 545 ἑωρωντο,
1323 476 1401 534 και
1421 451 1544 506 ἐθαυ-

278 533 412 602 μαζον
442 552 535 588 τους
561 530 785 602 Κορινθίους
808 552 1001 602 πρυμναν
1024 526 1294 603 κρουομένους·
1325 528 1433 621 πριν
1442 551 1543 587 τινες

277 606 422 664 ἰδόντες
448 605 558 658 εἷπον
585 630 644 657 οτι
669 627 752 665 νηες
788 608 937 658 ἐκεῖναι
972 604 1238 659 ἐπιπλέουσι·
1273 606 1365 660 τότε
1391 600 1440 666 δη
1465 628 1543 657 και

278 679 397 735 αὐτοι
423 680 666 754 ανεχῶρουν.
693 682 965 746 {averad-tage
990 704 1084 772 γαρ
1110 681 1204 744 ἤδη,
1233 680 1311 735 καῖ
1337 688 1372 735 οἱ
1375 682 1543 771 Κορίν-

279 762 350 811 θιοι
375 757 717 849 ωποτραπόμενοι
735 780 805 819 την
831 757 1063 810 δήλω-ω’
1052 780 1311 819 εποιησαντο.
1338 781 1441 810 ουτω
1466 780 1543 828 μεν

278 837 302 896 ἦ
321 827 590 899 ἀπαλλαγη
617 829 776 899 ἐγένετο
802 832 1039 895 αλλήλων,
1064 856 1142 886 και
1161 837 1185 896 ἦ
1200 839 1436 906 ναυμαχιά
1453 836 1541 885 ἐτε-

276 907 416 963 λευτα
435 913 474 968 ἐς
493 933 637 963 νυκτα.
662 912 745 967 τοῖς
760 901 807 962 δε
819 910 1086 982 Κερκυραίοις
1106 906 1543 993 στρατοπεδευομένοις

279 984 350 1039 ἐπι
366 1011 413 1052 τῃ
391 987 674 1069 ἶΛευκίμνη,
698 991 747 1038 αἱ
771 987 898 1039 εἳῖιοσι
920 985 1002 1047 ν’ἤες
1020 992 1068 1038 αἱ
1093 988 1143 1039 ἐκ,
1165 1010 1244 1039 των
1265 985 1436 1048 Ἀθηνων
1458 990 1541 1037 αὑ-

278 1086 374 1119 ται,
395 1067 447 1115 ὼν
471 1068 570 1135 ἦρχε
593 1059 811 1116 Γλαυκων
828 1084 874 1115 τε
897 1067 916 1114 ὁ
939 1062 1146 1135 Λεάγρου
1169 1061 1247 1116 και
1270 1062 1539 1123 Ἀνδοκίδης
1521 1084 1541 1112 ο

278 1139 529 1211 Λεωγορου,
562 1135 636 1191 δια
659 1161 740 1192 των
772 1162 917 1232 νεκρων
946 1162 1024 1192 και
1054 1145 1272 1206 ναυαγίων
1305 1159 1543 1225 προσ-κομι·-

276 1215 464 1268 affirm
483 1253 495 1271 ,
528 1211 769 1268 κατέπλεον
799 1218 838 1274 ἐς
873 1239 920 1268 το
957 1215 1233 1288 στρατὸπεδον
1252 1253 1265 1272 ,
1303 1219 1348 1268 οὐ
1379 1227 1543 1267 πολλω

276 1290 437 1364 ὕστερον
469 1316 493 1352 η
527 1288 746 1358 coffinum.
786 1317 820 1345 οι
862 1283 906 1343 δε
917 1291 1180 1385 ,Κερκυραιοι
1208 1286 1271 1363 ζ’
1247 1316 1288 1353 ην
1313 1313 1406 1360 γαρ
1431 1270 1540 1359 uvi)

277 1366 552 1430 ἐφοβηθησαν
577 1392 641 1438 μη
666 1365 879 1439 πολεμιαι
904 1374 1027 1424 ὠσ-ιν,
1065 1390 1218 1421 επειτα
1245 1359 1342 1420 δε
1316 1389 1510 1434 zyma-av
1525 1403 1541 1421 ,

275 1467 353 1496 και
380 1445 630 1518 ὠρμιο-αντο.

274 1591 503 1641 cernebant,
523 1589 587 1632 sed
607 1590 737 1646 plures
756 1589 922 1632 Athenis
943 1590 1079 1632 venire
1099 1588 1302 1645 suspicati,
1320 1587 1455 1630 senfim
1479 1599 1540 1629 re-

273 1671 339 1702 tro
359 1661 463 1702 abire
482 1673 708 1717 coeperunt.
729 1661 786 1703 At
803 1661 1020 1714 Corcyraei
1041 1674 1106 1701 eas
1126 1673 1207 1700 non
1225 1659 1432 1710 videbant,
1445 1658 1540 1713 (ve-

272 1731 431 1772 niebant
457 1732 559 1772 enim
583 1732 686 1773 unde
718 1731 914 1772 manifeste
943 1730 992 1771 ab
1023 1729 1111 1785 ipfis
1134 1728 1303 1785 conspici
1325 1742 1408 1771 non
1429 1738 1541 1784 pote-

272 1799 380 1848 rant)
394 1800 435 1840 &
449 1799 682 1841 Corinthios
698 1801 738 1840 in
755 1800 916 1855 puppim
931 1799 1122 1853 remigare
1135 1798 1398 1849 mirabantur3
1415 1798 1542 1839 donec

272 1869 427 1923 quidam
439 1902 451 1921 ,
469 1871 536 1925 qui
557 1883 680 1912 naves
699 1871 896 1920 viderant,
916 1870 1000 1910 illas
1018 1879 1156 1910 contra
1175 1868 1213 1910 se
1235 1870 1420 1923 navigare
1439 1868 1541 1909 dixe·

272 1950 376 1980 runt.
398 1941 514 1982 Tunc
534 1954 635 1982 vero
654 1941 698 1982 &
715 1940 783 1996 ipsi
804 1939 1145 1982 recefferunt.1am
1167 1940 1269 1980 enim
1291 1937 1415 1980 noffis
1435 1948 1540 1979 tene-

272 2006 365 2048 brae
386 2019 519 2049 erant:
543 2010 740 2052 Corinthii
762 2023 882 2059 vero,
906 2008 1074 2050 navibus
1099 2006 1262 2058 aversrs,
1280 2007 1458 2049 abierunt
1481 2007 1539 2048 di·

271 2078 387 2120 verfi.
409 2080 469 2120 Ita
488 2092 617 2122 autem
639 2081 747 2122 alteri
771 2080 820 2122 ab
844 2078 972 2121 alteris
994 2077 1147 2119 diremti
1167 2074 1278 2125 sunt,
1295 2077 1339 2118 δι
1357 2075 1454 2118 haec
1471 2090 1539 2117 na-

271 2148 371 2190 valis
392 2163 523 2204 pugna
547 2150 618 2192 sub
648 2152 763 2193 nocie
785 2151 896 2192 finita
924 2150 990 2193 est.
1028 2150 1134 2192 Cum
1162 2159 1293 2190 autem
1315 2147 1540 2201 Corcyraei

273 2218 396 2260 castra
420 2221 524 2274 apud
543 2221 796 2263 Leucimnam
822 2222 1031 2270 haberent,
1053 2220 1138 2260 illae
1160 2219 1300 2273 viginti
1322 2230 1445 2260 naves
1466 2217 1542 2258 At-

272 2288 397 2339 ticae,
415 2290 560 2343 quibus
580 2290 763 2331 Glaucon
783 2291 920 2345 Leagri
939 2290 982 2330 δι
1002 2288 1225 2330 Andocides
1243 2288 1413 2342 Leogori
1437 2286 1539 2328 filius

273 2371 475 2415 praeerant
484 2392 497 2412 ‚
511 2374 581 2416 per
590 2362 715 2404 media
725 2362 911 2403 cadavera
925 2361 968 2402 δι
979 2360 1177 2414 naufragia
1187 2359 1355 2410 delatae,
1364 2359 1403 2399 in
1417 2357 1539 2400 castra

275 2443 486 2483 venerunt,
507 2445 590 2474 non
611 2432 735 2474 multo
756 2431 842 2488 post
861 2445 980 2487 quam
1001 2430 1227 2486 conspectae
1246 2428 1417 2471 fuerunt.
1441 2428 1538 2470 Cor-

273 2503 408 2555 cyraei
420 2515 518 2546 vero
536 2507 646 2558 (erat
662 2504 767 2546 enim
787 2501 898 2558 nox)
912 2502 1145 2554 timuerunt,
1166 2513 1215 2544 ne
1234 2499 1387 2543 hostiles
1400 2497 1536 2543 essent:
