1670 3094
303 181 399 232 288
514 180 1382 231 ANNOTATIONES

372 273 446 312 ead.
477 271 502 311 l.
533 283 569 311 2.
596 271 899 327 Xpnlao'ewvyv.
930 265 1135 337 Libanium
1158 272 1347 328 Progym.
1372 286 1459 330 pag.
1492 289 1578 328 114.

260 345 262 351 v
305 324 450 366 WAss.

339 385 343 390 ”
360 381 443 420 ibid.
456 378 624 420 Ἀἒπλον
641 378 706 434 ὃν)
723 378 800 421 Pro
817 378 964 422 &samu
982 378 1098 422 ΐντος·
1121 381 1229 435 quod
1245 381 1388 423 Atticis
1411 381 1573 425 familia-

305 446 350 474 re
373 433 453 482 est,
505 434 545 473 ui
565 432 783 474 huiusmodi
801 433 923 474 multa
943 435 982 473 in
1009 434 1227 476 accusativo
1251 434 1460 491 usurpant,
1483 451 1571 479 cum

307 487 451 541 alioqui
497 487 675 539 equendo
699 487 900 541 vulgarem
927 489 1116 528 orationis
1137 488 1363 529 structuram
1377 522 1390 540 ‚
1411 491 1576 546 obliquo

305 540 398 581 casu
430 541 640 595 (nimirum
666 540 867 594 genitivo)
894 541 1080 581 utendum
1114 541 1212 583 effet.
1249 543 1354 584 Vide
1395 543 1577 599 Stephani

307 594 559 649 Append.›ad
586 593 736 648 Scripta
767 594 816 634 al.
844 594 892 635 de
915 594 1021 636 Dial.
1049 595 1135 637 Att.
1162 609 1250 651 cap.
1278 611 1329 652 9,
1361 611 1450 652 pag.
1487 612 1573 654 ¹49·

308 648 383 688 &c.
416 649 553 688 Huns.

366 705 441 741 ead.
466 702 492 740 l.
523 714 555 754 5.
581 694 634 740 06
661 698 858 754 χαλεπῶς
882 699 1177 755 ἀπανίσταντο)
1203 703 1292 744 Mar
1319 703 1327 712 '
1358 704 1368 712 '

307 755 439 808 γραφὴ
467 754 726 809 (ἀνίσταντο)
763 755 901 795 melius
925 768 1015 795 cum
1038 768 1113 805 eo,
1141 757 1250 809 quod
1281 716 1375 797 ‹fimit
1402 772 1577 809 μετανα-

308 808 469 849 στάσεις
487 822 532 848 τε
549 807 658 848 οὖσαι
672 839 685 858 ,
703 809 934 858 conveniet,
946 821 1038 849 cum
1057 810 1106 859 ii,
1129 809 1198 862 qui
1215 809 1350 864 sponte
1375 813 1578 866 emigrant,

309 860 408 902 ficut
435 861 775 914 μετανίστασθαι,
801 863 854 903 ita
883 862 926 902 δι
950 862 1255 904 ἀπανίστασθαι
1285 865 1415 918 potius
1445 867 1577 907 dican-

309 925 398 956 tur:
424 927 463 956 at
483 916 550 970 qui
572 915 721 956 sedibus
743 915 822 956 suis
841 916 1062 970 pelluntur,
1110 917 1216 957 otius
1237 917 1483 962 ἀνίστασθαι.
1502 920 1575 960 Sed

309 969 391 1010 duo
417 969 564 1010 diversa
597 969 757 1010 miscere
778 970 900 1010 videri
927 969 1040 1024 poflit
1106 970 1344 1023 hucyffides,
1366 984 1458 1013 cum
1489 985 1575 1013 tan·

309 1036 431 1076 quam
451 1023 498 1063 de
523 1022 658 1078 sponte
679 1023 957 1078 emigrantibus
986 1024 1164 1071 locutus,
1186 1024 1286 1066 addit
1313 1035 1464 1077 tamen,
1491 1029 1578 1074 βια-

309 1077 451 1129 ζόμενοι
472 1076 546 1117 ὑπὸ
566 1076 673 1118 τινῶν
695 1078 755 1117 ἀεὶ
781 1075 970 1124 πλειὸνων.
998 1077 1163 1132 Alioqui
1187 1077 1254 1119 ista
1270 1079 1416 1132 etiam,
1442 1078 1576 1129 τῆςτε

311 1131 395 1172 καθ’
415 1128 554 1185 ἡμέραν
572 1131 791 1185 ἀναγκαίου
813 1131 947 1184 τροφῆς
969 1129 1191 1186 πανταχοῦ
1210 1131 1256 1173 ὅὶν
1275 1131 1468 1186 ἶνγοὺμενοι
1493 1134 1577 1174 ἐπι-

311 1186 482 1239 κρατεῖν,
501 1181 543 1224 οὖ
556 1184 757 1239 χαλεπῶς
779 1183 1062 1233 ἀπανίσταντο,
1077 1199 1151 1240 pro
1169 1185 1233 1226 illa
1254 1185 1464 1241 spontanea
1481 1189 1577 1228 emi-

311 1240 489 1293 gratione
508 1237 636 1280 facere
652 1239 739 1293 quis
758 1238 913 1280 dixerit:
933 1238 1152 1294 praesertim
1173 1238 1202 1279 fi
1221 1235 1260 1280 οὗ
1279 1240 1478 1294 χαλεπῶς
1502 1255 1576 1295 pro

311 1309 381 1333 non
399 1305 542 1346 gravate
560 1293 799 1347 accipiamus.
818 1294 905 1333 Non
916 1306 1061 1346 gravate
1079 1294 1307 1348 emigrabant‚
1328 1295 1475 1349 inquit,
1499 1310 1576 1348 quo·

312 1349 407 1387 niam
428 1346 641 1399 necffzrium
659 1348 697 1387 in
719 1348 804 1388 diem
826 1349 1021 1387 alimentum
1044 1348 1164 1402 ubique
1178 1349 1217 1400 se
1237 1350 1392 1389 mauros
1407 1351 1576 1403 existima·

312 1403 408 1440 bant.
434 1401 507 1442 Sed
524 1402 702 1454 quamvis
724 1401 785 1442 hic
804 1401 975 1442 adverbii
997 1401 1194 1455 χαλεπῶς
1215 1400 1304 1442 usus
1326 1402 1373 1442 ad
1393 1402 1500 1443 illum
1516 1416 1578 1444 ac-

311 1455 441 1503 cedat,
469 1468 586 1509 quem
613 1455 756 1504 habet,
785 1467 876 1495 cum
909 1455 1047 1496 dicitur
1079 1453 1275 1508 χαλεπῶς
1303 1455 1450 1510 φέρειν,
1480 1469 1575 1496 eun-
1641 1493 1643 1495 .

312 1509 479 1563 demque
502 1509 591 1549 alibi
612 1509 702 1550 dare
722 1509 775 1549 illi
793 1509 992 1559 videatur,
1009 1509 1058 1549 ab
1078 1509 1200 1549 altero
1217 1517 1346 1549 tamen
1362 1510 1484 1564 magis
1504 1509 1577 1550 ufi-

315 1572 399 1604 tato
421 1562 606 1604 discedere
624 1575 708 1604 non
729 1564 912 1618 permittit
931 1561 1085 1603 fortafl'e
1101 1562 1215 1612 illud,
1233 1563 1340 1617 quod
1354 1562 1496 1605 diEtum
1516 1577 1577 1604 ea-

312 1616 401 1657 dem
421 1617 469 1658 de
486 1630 528 1658 re
550 1615 647 1666 fuit,
669 1617 736 1658 καὶ
750 1616 899 1683 jadias·
924 1613 1078 1659 ἕκαστοι
1098 1615 1168 1658 τὴν
1185 1614 1330 1658 ἑαυτῶν
1353 1615 1577 1659 ἀπολείπον-

312 1684 392 1712 τες.
417 1670 533 1713 Valla
551 1671 704 1724 quidem
725 1687 763 1711 ου
785 1669 983 1725 χαλεπῶς
1007 1671 1126 1711 vertit
1145 1684 1260 1723 aegre:
1285 1670 1348 1712 sed
1370 1671 1470 1711 idem
1499 1670 1575 1712 ἀνί·
1608 1693 1609 1703 1

314 1739 461 1766 σταντο
484 1725 549 1765 vel
564 1725 831 1766 ἀπανίσταντο
853 1738 934 1765 non
953 1725 1162 1778 emigrabant
1175 1724 1306 1774 vertit,
1319 1737 1460 1766 verum
1477 1726 1575 1779 pelle-

312 1780 447 1819 bantur.
467 1778 604 1832 Quam
625 1779 975 1834 interpretationem
988 1779 1161 1819 &Vitus
1178 1777 1329 1819 secutus
1344 1776 1410 1819 est.
1422 1780 1574 1820 Verum

314 1833 459 1873 etiamsi
481 1833 645 1873 verbum
669 1832 907 1874 ἀνίστασθαι
931 1846 1004 1886 pro
1018 1833 1104 1884 pelli
1126 1847 1144 1871 e
1158 1833 1296 1885 sedibus
1310 1832 1413 1885 ficis,
1437 1833 1576 1873 ἀπανί-

317 1891 496 1927 στασθαι
523 1898 651 1927 autem
668 1896 742 1941 pro
757 1887 1093 1938 μετανίστασθαι,
1114 1886 1153 1925 id
1174 1884 1249 1935 est,
1269 1887 1453 1939 emIgrare,
1476 1887 1574 1939 fides

313 1953 443 1980 mutare
455 1972 466 1990 ‚
481 1942 612 1995 potius
626 1941 699 1981 dicl
716 1939 856 1990 soleat,
873 1941 933 1980 hic
951 1950 1079 1980 tamen
1087 1939 1188 1980 -illud
1203 1939 1316 1980 huius
1337 1938 1576 1994 significatio-

311 2006 402 2034 nem
417 1994 446 2033 fi
467 1993 672 2048 (adversus
687 1995 774 2035 illos
786 1995 884 2035 inter
911 1995 1035 2042 retes)
1052 1994 1224 2035 dicamus
1241 1994 1429 2048 accipere,
1442 1994 1572 2034 locum

313 2047 479 2088 eiusdem
496 2048 702 2103 scriptoriS‚
723 2061 807 2102 quo
822 2061 875 2088 no
907 2061 988 2088 ram
1001 2047 1228 2098 ‚sententiam
1249 2058 1450 2096 tueamur,
1468 2047 1576 2087 inve·
1642 2077 1648 2084 2

310 2101 474 2141 niemus.
494 2100 595 2142 Nam
614 2103 714 2142 libro
731 2102 920 2151 secundo,
938 2115 1020 2156 cap.
1045 2115 1092 2150 14
1107 2101 1291 2154 legimus,
1311 2099 1507 2164 χαλεπῶς
1528 2100 1576 2140 δὲ

311 2150 462 2203 αὔτοῖς,
479 2154 548 2195 διὰ
563 2158 606 2194 τὸ
629 2156 688 2195 ἀεὶ
714 2156 870 2196 ἐιωθέναι
893 2155 981 2196 τοὺς
1001 2154 1167 2195 πολλοὺς
1179 2154 1214 2194 ἐν
1230 2154 1310 2194 τοῖς
1326 2153 1457 2215 αγροῖς
1471 2152 1575 2194 διαι-

311 2209 466 2250 τᾶσθαι
482 2237 494 2256 ,
514 2205 533 2249 ἦ
553 2208 773 2250 ἀνάστασις
795 2208 985 2262 ἐγίγνετο.
1006 2209 1072 2249 ubi
1092 2218 1229 2249 contra
1251 2207 1370 2247 ambo
1392 2218 1576 2262 interpre-
1628 2251 1633 2258 ,

311 2272 329 2302 t
351 2254 361 2263 ⁸
401 2261 495 2302 mihi
518 2261 795 2312 assentiuntur,
818 2275 900 2302 non
931 2262 1044 2302 secus
1067 2261 1172 2301 hunc
1197 2261 1328 2302 locum
1357 2272 1576 2310 vertentes,

368 2328 428 2356 am
445 2315 474 2356 fi
494 2329 577 2356 non
595 2316 831 2365 ἀνάστασις,
853 2315 915 2357 sed
933 2314 1231 2369 μετανάστασις
1250 2325 1319 2355 aut
1343 2313 1579 2356 ἀπανάστα-

312 2384 373 2411 σις
391 2368 575 2425 scriptum
589 2368 702 2410 foret.
719 2372 819 2422 Quae
833 2370 1043 2423 demigratio,
1059 2369 1186 2423 inquit
1198 2369 1327 2418 Valla,
1343 2368 1419 2420 ficit
1433 2370 1483 2410 eis
1491 2370 1578 2423 sane

312 2424 460 2477 molesta,
475 2435 611 2520 prter
624 2425 844 2464 inveteratam
858 2423 1022 2483 plerifilue
1038 2425 1301 2475 confitetudinem
1311 2424 1441 2485 semper
1456 2424 1581 2484 agendi

313 2492 351 2518 m
370 2492 476 2533 agrts.

1358 718 1371 743 1
1396 704 1574 760 appofita
1610 690 1618 704 Ι

551 2489 608 2519 ter
630 2488 783 2528 autem,
803 2477 967 2519 eundem
987 2479 1149 2532 sequens
1167 2475 1313 2518 sensum
1326 2507 1339 2527 ,
1366 2486 1420 2518 ita
1439 2487 1556 2523 vertit
1565 2492 1583 2518 ι»

1658 542 1670 736 ,ς’-μ.-ι-ἰιη-ι-..Π
