1670 3094
432 234 542 284 DE
577 230 1100 307 THUCYDID‘E.
1245 242 1407 285 Lxxv,

126 346 445 396 H.D0dwe11i
454 342 797 407 Thncydideis‚
810 341 1044 402 siquidem
1060 358 1085 386 a
1098 340 1157 386 cl.
1167 339 1407 404 Rostgaar-

131 423 199 468 do
214 419 440 481 receperit
452 452 466 475 ‚
482 417 758 463 collationes
774 415 1058 461 scholiorum
1070 412 1202 461 MSS.
1214 413 1265 459 in
1278 413 1403 459 Bibl.

127 495 273 559 Regia
298 492 556 539 Parifienfi:
590 489 671 537 sed
690 490 893 536 Annales
928 488 1173 534 Dodwelli
1201 487 1298 532 fine
1322 487 1402 533 illa

127 567 378 614 acceffione
400 567 559 612 lucem
586 580 740 626 nuper
765 563 1094 624 adspexerunt.
1124 559 1401 607 Emendan-

131 642 253 700 dum
270 639 407 702 quod
423 639 473 684 in
488 638 687 685 Historia
708 653 910 699 operum
926 635 1224 682 eruditorum
1238 633 1401 680 Basna-

69 761 75 765 ,
127 712 260 775 giana
273 713 327 757 Α.
344 712 461 771 1695
479 709 639 756 mense
659 708 867 772 Augusto
882 709 1005 771 legas
1018 724 1064 768 p.
1078 723 1190 767 549,
1203 723 1256 751 on
1275 706 1400 751 ache-

127 800 178 831 νε
195 801 224 828 α
242 782 422 847 'Oxford
437 799 519 828 une
533 781 719 828 nouvelle
739 781 895 826 edition
916 780 965 825 de
988 778 1255 842 Thucydide,
1275 779 1303 823 ἁ
1324 793 1397 823 co-

132 857 173 906 te'
187 857 243 904 du
265 857 376 903 Grec
396 875 449 903 on
467 869 555 903 met
578 857 623 902 la
638 857 798 919 vefion
819 856 976 908 Latine
1001 853 1050 899 de
1063 853 1256 901 Dodwel.
1287 851 1402 897 Non
1462 858 1470 865 “

127 931 393 989 Dodwelli,
409 931 489 977 sed
498 930 627 977 Porti
642 930 791 976 versio
813 929 873 975 ab
891 927 1128 974 Hudsono
1148 924 1400 973 emendata

129 1005 316 1068 singulis
339 993 516 1069 paginis
544 1003 815 1060 subiicitur,
843 1001 887 1048 8c
916 1002 966 1046 in
993 1000 1186 1046 summis
1218 998 1399 1062 paginis

128 1077 395 1124 notationes
411 1077 785 1140 chronologicae
803 1093 864 1122 ex
876 1075 1116 1123 Dodwelli
1139 1073 1401 1121 rationibus

130 1151 433 1198 exhibentur.
463 1150 616 1198 Etiam
647 1151 873 1197 Gallicam
902 1149 1199 1197 Ablancurtii
1226 1146 1401 1193 versio·-

127 1238 244 1270 nem
271 1222 314 1268 8c
334 1222 581 1286 Anglicam
608 1223 837 1269 Hobbefii
868 1222 1097 1269 consultas
1128 1236 1181 1267 ac
1209 1220 1400 1266 collatas

129 1295 192 1340 ab
213 1294 447 1342 Hudsono
470 1295 662 1340 monuit
684 1296 883 1341 Ioannes
909 1295 1114 1342 Clericus
1144 1294 1194 1340 in
1218 1292 1401 1339 Biblio-

129 1366 266 1417 theca
297 1367 444 1413 veteri
473 1366 516 1413 8c
547 1382 672 1414 nova
699 1367 756 1412 T.
783 1367 919 1424 XIV,
944 1385 992 1429 p.
1028 1383 1133 1426 ¹²42·
1171 1366 1400 1412 Ceterum

129 1437 254 1485 MSti
283 1439 479 1486 Codices
510 1439 812 1501 Thucydidis
845 1456 946 1486 non
975 1438 1317 1486 contemnendi
1345 1438 1399 1484 in

129 1509 249 1557 Bibl.
277 1511 556 1558 Coisliniana
572 1545 588 1569 ,
607 1511 668 1557 de
689 1512 863 1573 quibus
884 1513 1214 1561 celeberrimus
1230 1512 1399 1558 Mont-

129 1583 359 1644 fauconus
382 1602 430 1646 p.
456 1603 483 1643 4
489 1600 563 1646 30.

197 1675 241 1716 4.
269 1657 417 1704 Caroli
434 1659 629 1705 Andreae
651 1657 847 1707 Dukeri.
868 1656 1230 1704 Arnstelaedami
1246 1675 1319 1720 ap.
1339 1658 1398 1705 R.

132 1727 178 1774 Sc
202 1729 239 1774 I.
261 1729 546 1776 Wetstenios
567 1730 608 1775 Sc
627 1731 736 1776 Gul.
756 1730 922 1777 Smith.
946 1744 1030 1790 173
1045 1747 1082 1776 1.
1099 1730 1181 1776 fol.
1198 1731 1400 1793 ‘Illucy-

132 1796 260 1846 didis‘
279 1799 340 1847 de
366 1801 496 1847 bello
526 1802 924 1864 Peloponnesiaco
954 1803 1083 1848 Libri
1112 1801 1252 1861 οᾶο,
1282 1820 1399 1850 cum.

131 1873 513 1920 annotationibus
536 1874 723 1939 integris
742 1875 804 1920 H.
818 1874 1104 1936 Stephani&
1121 1876 1188 1921 Io.
1203 1876 1399 1922 Hudso-

130 1945 195 1990 ni.
219 1945 468 1993 Recensuit
487 1946 530 1992 8c
551 1947 693 1994 Notas·
710 1947 809 1995 suas
828 1948 1014 1995 addidit
1028 1950 1229 2014 Iosephus
1247 1949 1398 2013 Wqffe.

130 2017 410 2067 Editionem
430 2021 613 2067 curavit
627 2056 641 2078 ‚
661 2021 855 2084 suasque
871 2024 1293 2070 animadversiones
1311 2023 1399 2069 ad-

130 2091 241 2138 iecit
268 2091 369 2139 Car.
394 2094 530 2140 Andr.
550 2093 765 2141 Dukerus.
794 2096 920 2143 Cum
946 2098 1079 2143 variis
1108 2097 1397 2143 Dissertatio-

131 2164 300 2223 nibus,
319 2166 598 2214 MSStorum
616 2170 944 2217 collationibus
957 2205 972 2228 ‚
991 2170 1033 2217 Sc
1049 2171 1290 2219 Indicibus
1307 2189 1397 2218 no-

131 2237 200 2284 vis
223 2239 602 2301 locupletissimi&

198 2327 242 2372 5.
267 2313 446 2359 Eadem
468 2315 665 2376 repetita
684 2315 908 2381 Glasguae
938 2319 1075 2378 1758.
1097 2319 1137 2364 3.
1156 2318 1274 2366 VIII
1286 2319 1399 2366 Vol.

132 2385 374 2432 excsRob.
396 2385 438 2432 8c
460 2387 606 2434 Andr.
626 2389 794 2435 Foulis.

201 2461 244 2505 6.
273 2460 567 2523 Thncydidis
597 2464 834 2511 Funebres
862 2467 1093 2514 orationes
1124 2468 1201 2514 Gr.
1225 2467 1267 2514 8c
1293 2467 1394 2514 Lat.

131 2531 350 2592 prodiere
380 2533 603 2599 Glasguae
633 2552 765 2597 1755.
796 2553 863 2586 12.
