1670 3094
299 177 396 242 '¹96
591 172 1282 220 THUCYDIDIS

301 266 481 322 ἑκουσίον
512 266 764 358 φαρμάκῳ
778 268 1000 320 ἀποθανεῖν
1033 260 1156 318 αὐτον
1169 303 1181 321 ,
1221 262 1421 319 &sumar
1453 271 1568 339 νομί·

300 368 446 398 σαντα
467 342 566 397 εἰναι
590 340 838 396 ἐπιτελέσαι
860 343 1090 404 βασιλει
1066 353 1100 394 α
1121 339 1354 406 ὑπέσχετο.
1375 347 1572 434 μνημεῖον

302 445 379 493 μεν
412 417 476 474 οὖν
503 421 631 473 αὐτοῦ
667 423 702 471 ὲν
734 421 991 501 Μαγνησίᾳ
1023 416 1112 470 ἐστι
1139 443 1186 472 τη
1220 420 1465 484 Ἂσιανῇ,’
1454 441 1490 472 εν
1521 421 1572 484 τῇ

301 497 459 571 αγορα.
486 520 641 556 ταυτης
663 517 755 563 ’γαρ
774 491 875 584 ἦρχε
900 519 971 555 της
995 494 1166 567 χώρας,
1190 495 1319 553 δον-τος
1339 492 1570 556 βασιλέως

304 575 447 646 αὐτῷ,
471 574 743 637 Μαγνησίαν
769 593 867 640 μεν,
892 593 1034 643 αρτον,
1055 596 1078 631 η
1100 569 1332 659 προσέφερε
1352 594 1573 631 πεντηκον-

302 673 364 703 τα
382 650 587 703 τάλαντα
605 647 676 699 τοῧ
696 646 888 698 ὲνιαυτοῧ
916 645 1180 714 Λαμψακον
1201 638 1335 702 δε,
1292 656 1383 700 οἶνον
1405 645 1433 718 (
1444 646 1572 699 ἐδοκει

301 749 416 814 γαρ
414 722 732 777 πολυοινοτατον
757 746 836 774 των
855 743 947 773 τοτε
967 718 1143 812 εἶναι)ὐ
1133 723 1340 775 Μυοῦντα
1364 715 1431 777 δῖ,
1452 721 1569 788 ἕψον.

301 826 361 854 τα
380 794 466 853 δε
449 823 561 852 οστα
584 798 705 860 φασι
727 796 996 869 ›copem-&nme
1018 798 1144 849 αὐτοῦ
1170 803 1204 848 οἱ
1222 797 1490 892 προσήκοντες
1513 800 1571 850 οὶ-

305 878 439 933 καὸε,
469 873 750 932 κελευσαντος
779 877 947 928 ἐκείνου,
977 895 1055 924 και
1085 871 1242 933 τεθηναι
1269 871 1443 970 κρυφα
1447 875 1570 934 Ἀθη-

301 959 423 1007 ναίων
442 955 478 1005 ὲν
497 956 546 1016 τῇ
568 952 753 1015 ’Arriam
782 953 825 1002 οὐ
847 971 940 1016 γαρ
964 947 1048 1012 ἐξην
1066 949 1330 1004 θαπτειν,
1304 972 1359 1009 ως
1378 947 1448 1002 'em
1466 973 1570 1022 προ-

302 1031 430 1082 ὃοσία
459 1025 702 1093 φεύγοντος.
733 1049 793 1078 τα
819 1047 896 1097 μεν
924 1048 1048 1077 κατα
1074 1025 1339 1078 Παυσανίαν
1368 1049 1434 1078 τον
1461 1027 1570 1078 Λα-

303 1105 556 1175 κεδαιμόνιον
575 1126 652 1155 και
631 1101 782 1174 Θεμ
784 1098 991 1154 ιστοκλέα
1015 1124 1080 1153 τον
1111 1101 1336 1162 Ἀθηναιον,
1362 1115 1570 1174 λαμπρο-

301 1205 454 1238 τατους
478 1176 716 1250 γενομένους
743 1203 822 1231 των
852 1180 952 1230 καθ’
978 1173 1146 1236 ἑαυτους
1172 1177 1407 1239 Ελλήνων,
1444 1175 1571 1238 οὕτως

300 1255 561 1317 ἒτελευτησε.
1467 1299 1471 1302 .

375 1325 477 1408 ρλθΙ.
504 1328 836 1402 Λακεδαιμόνιοι
863 1321 910 1382 δῖ
944 1326 1014 1382 ἐπὶ
1042 1323 1120 1401 μὶν
1145 1329 1216 1392 τῆς
1243 1329 1408 1404 πρῶτης
1436 1351 1571 1405 πρεσ-

299 1492 411 1538 ptus,
432 1480 515 1523 vita
532 1477 588 1521 est
609 1478 821 1520 defunftus.
837 1477 1012 1532 Quidam
1027 1488 1157 1518 autem
1174 1477 1307 1531 aiunt,
1321 1491 1411 1519 eum
1431 1478 1568 1533 sponte

298 1551 414 1592 etiam
434 1549 574 1591 hausto
598 1561 754 1591 veneno
771 1546 981 1597 deceffifl'e‚
1003 1547 1111 1602 quod
1133 1546 1398 1598 existimass'et‚
1424 1547 1463 1588 se
1481 1561 1566 1590 non

296 1619 404 1675 pofl'e
421 1619 609 1675 praestare
620 1651 632 1669 ‚
647 1631 748 1673 quae
768 1618 848 1671 regi
862 1617 1100 1672 promififfet.
1116 1618 1253 1673 Itaque
1267 1630 1565 1660 monumentum

297 1692 385 1732 eius
397 1689 520 1731 exstat
543 1691 586 1728 in
595 1687 687 1728 foro
700 1687 807 1728 urbis
827 1686 1073 1740 Magnesiae,
1094 1700 1195 1742 quae
1213 1687 1269 1728 est
1285 1687 1327 1727 in
1337 1687 1452 1728 Afia:
1475 1700 1566 1728 nam

253 1776 255 1778 ·
296 1762 392 1804 huic
412 1762 564 1817 regioni
591 1759 782 1816 praefuit,
804 1772 922 1813 quam
951 1772 1022 1799 rex
1044 1758 1114 1813 ipfi
1137 1759 1301 1800 dederat.
1330 1759 1568 1814 Magnefiam

296 1833 399 1873 enim
419 1834 456 1874 ei
469 1833 621 1874 dederat
633 1844 709 1886 pro
724 1843 848 1885 pane:
866 1843 966 1884 quae
987 1831 1197 1884 quotannis
1214 1831 1497 1885 quinquaginta
1513 1841 1568 1871 ta·-

296 1902 399 1942 lenta
413 1902 612 1957 pendebat.
635 1900 885 1956 Lampsacum
903 1914 1004 1942 vero
1014 1933 1026 1952 ‚
1039 1914 1113 1956 pro
1125 1902 1246 1943 vino:
1261 1901 1356 1956 (hoc
1375 1902 1478 1942 enim
1492 1915 1566 1957 op-

296 1970 431 2024 pidum
453 1981 599 2012 ceteras
619 1969 722 2010 illius
742 1969 859 2011 seculi
879 1970 998 2011 urbes
1014 1971 1099 2011 vini
1123 1971 1238 2025 copia
1259 1969 1436 2025 superare
1458 1970 1567 2011 vide-

297 2039 450 2092 batur.)
473 2041 687 2093 Myuntem
718 2054 840 2091 vero,
864 2053 938 2095 pro
958 2040 1140 2096 opsonio.
1171 2041 1265 2082 Eius
1284 2051 1413 2082 autem
1434 2039 1516 2081 offa
1539 2055 1564 2081 a

271 2112 276 2118 '
296 2110 523 2165 propinquis
543 2111 727 2161 domum,
743 2110 859 2165 ipsius
881 2110 1001 2161 iuffu,
1026 2121 1247 2165 reportata,
1259 2109 1304 2152 &
1323 2111 1421 2152 clam
1439 2110 1564 2151 Athe-

293 2178 489 2220 nienfibus
508 2180 549 2219 in
568 2192 664 2233 agro
688 2179 822 2220 Attico
844 2179 1026 2229 humata,
1047 2177 1188 2219 ferunt.
1214 2178 1298 2219 Nec
1321 2179 1424 2220 enim
1445 2191 1536 2219 eum
1549 2210 1564 2229 ,

294 2249 365 2303 qui
382 2249 612 2304 proditionis
632 2263 723 2291 reus
748 2259 850 2299 erat,
873 2250 927 2290 ibi
947 2261 1078 2305 aperte
1097 2249 1254 2304 sepelire
1275 2249 1332 2290 fas
1350 2259 1442 2290 erat.
1464 2249 1565 2291 Pau-

293 2318 416 2360 sanias
435 2320 556 2374 igitur
574 2319 922 2370 Lacedaemonius,
940 2319 983 2360 δι
998 2318 1276 2361 Themistocles
1296 2317 1562 2370 Atheniensis,

294 2389 373 2430 viri
402 2390 579 2430 omnium
611 2389 702 2432 suae
735 2392 870 2434 aetatis
901 2390 1146 2434 Graecorum
1179 2387 1422 2440 nobilissimi,
1455 2388 1558 2431 hunc

293 2457 443 2500 exitum
466 2457 694 2502 habuerunt.
