1670 3094
294 200 322 246 6
579 191 1266 243 THUCYDIDIS

292 308 338 337 το
367 278 616 350 >ism-oyem
640 286 934 335 ἀστασίαστον
964 276 1114 337 οὖσαν,
1146 279 1347 355 ἄνθρωποι
1373 271 1499 354 ᾤκουν
1523 286 1559 333 οἱ

294 359 411 414 αὐτοι
434 364 515 412 ἀεί.
534 382 614 412 και
591 357 929 431 παράδειγμα
945 382 988 409 το
971 357 1034 410 οδε
1055 382 1126 410 του
1145 357 1280 423 λόγου
1300 361 1376 410 οὐκ
1397 356 1559 420 ἒλαχι·

294 461 389 490 στον
417 439 531 492 ἔστι,
561 432 635 488 δια
662 456 744 493 τας
771 440 988 506 μετοικίας
1015 436 1056 492 ἒς
1076 457 1138 486 τα
1164 433 1300 486 ἄλλα
1324 458 1388 506 μη
1411 438 1561 523 ὁμοίως

296 511 530 606 αὐξηθηναι.
565 514 615 563 ἐκ
639 533 732 578 γαρ
757 534 828 571 της
852 508 1000 570 ἄλλης
1021 509 1240 568 Ελλάδος
1267 516 1301 563 οἱ
1324 507 1509 581 πολέμῳ
1537 533 1561 569 n

297 588 452 642 στάσει
482 590 776 644 ἔκπιπτον-τες,
805 587 911 653 παρ’
939 585 1172 646 Ἀθηναίους
1196 591 1230 638 οἱ
1259 585 1559 639 δυνατωτατοι,

298 667 355 722 ὡς
383 658 620 726 βέβαιον
600 686 660 717 ον,
697 660 955 751 ανεχῶρουν
969 683 1048 713 και
1085 664 1266 715 πολῖται
1296 683 1562 732 γιγνομενοι,

297 737 455 798 ευθυς’
434 762 526 792 απο
548 737 748 790 παλαιοῧ
774 733 955 807 μείζω
930 760 988 789 ετι
1015 739 1212 798 ἐποίησαν
1232 735 1387 799 πληθει
1412 735 1563 810 ανθρω-

299 839 391 868 πων
420 840 489 877 την
516 814 655 867 πολιν
687 811 798 865 cbo-re
826 835 904 864 και
931 814 975 871 ἐς
1001 810 1208 866 Ἰωνίανή
1181 835 1363 903 υστερον,
1403 814 1460 872 ὡς
1484 816 1567 876 οὐχ

227 932 236 941 .
301 890 443 952 ἱκανης
467 887 588 951 οὐσης
609 914 680 951 της
697 887 958 950 Ἀττικης,’
936 896 1142 948 ακποικίας
1165 885 1433 960 ἐξέπεμψαν.

377 989 441 1033 ‘y-
473 966 619 1028 Δηλοι
638 962 686 1018 δέ
702 989 775 1036 μοι
798 988 876 1016 και
898 963 986 1017 τοδε
1007 989 1085 1019 των
1108 979 1316 1018 παλαιων
1336 961 1568 1018 dvo-&vesane

301 1046 385 1107 οὐχ
403 1056 574 1104 ηκιστα
595 1065 673 1116 προ
695 1063 788 1109 γαρ
806 1065 884 1094 των
904 1040 1103 1113 Τρωϊκῶν
1121 1033 1230 1095 owen
1248 1047 1449 1106 φαίνεται
1466 1040 1568 1129 πρί-

301 1142 407 1213 τερον
437 1142 542 1184 κοινῃ
577 1114 850 1211 ἐργασαμένη
878 1119 902 1180 ἦ
931 1116 1118 1177 Ελλας.
1150 1117 1265 1170 δοκεῖ
1287 1114 1333 1170 δε
1336 1142 1452 1209 μοι,
1481 1106 1572 1169 οὐδε

302 1192 484 1268 τούνομα
507 1195 625 1248 τοῧτο
648 1191 876 1267 ξύμπασα
898 1210 971 1247 πω
995 1193 1128 1259 εἶχεν,
1151 1190 1288 1247 αλλα
1311 1216 1372 1246 τα
1398 1215 1474 1265 μεν
1491 1215 1574 1266 προ

305 1343 547 1399 petebantur.
578 1341 853 1396 Quamobrem
883 1341 1077 1392 Atticam,
1107 1352 1151 1383 ut
1176 1341 1386 1397 plurimum
1412 1350 1573 1394 propter

303 1415 386 1468 agri
406 1414 632 1455 tenuitatem
647 1412 877 1453 seditionum
899 1411 1134 1462 immunem,
1151 1411 1265 1452 iidem
1283 1410 1463 1452 homines
1477 1408 1571 1450 sem-

303 1498 374 1539 per
393 1483 650 1525 incoluerunt.
671 1482 804 1538 Atque
825 1494 954 1522 rerum
976 1494 999 1521 a
1018 1493 1080 1521 me
1098 1480 1287 1522 dictarum
1306 1480 1386 1522 hoc
1404 1493 1486 1521 non
1503 1480 1575 1520 mi-

304 1554 453 1594 nimum
475 1551 530 1593 est
551 1551 732 1591 indicium
746 1581 758 1600 ,
779 1550 833 1590 ob
853 1548 1013 1590 affiduas
1032 1549 1285 1603 migrationes.
1303 1549 1510 1592 Graeciam
1534 1549 1573 1589 in

305 1622 441 1662 ceteris
471 1620 643 1675 partibus
666 1631 748 1661 non
778 1632 973 1675 peraeque
1004 1618 1203 1660 adau&am
1232 1617 1355 1660 fuiffe.
1379 1619 1482 1660 Nam
1507 1620 1573 1672 qui

305 1702 372 1732 aut
396 1690 524 1741 bello,
548 1700 617 1731 aut
638 1689 824 1731 seditione
854 1690 1080 1731 excidebant
1107 1689 1258 1745 reliqua
1289 1689 1480 1740 Graecia,
1506 1703 1575 1731 eo·

304 1772 393 1800 rum
423 1759 675 1814 potentiffimi
710 1761 858 1815 quique
890 1760 939 1801 ad
971 1758 1250 1809 Athenienses,
1282 1759 1392 1814 quod
1419 1757 1573 1800 illorui'n

304 1828 408 1870 sedes
430 1829 579 1872 stabiles
607 1841 793 1887 tutaeque
816 1830 936 1872 effent
944 1830 1020 1882 ‚fse
1045 1830 1288 1886 recipiebant.
1311 1829 1383 1879 Et,
1405 1829 1575 1870 civitatis

305 1901 392 1942 iure
415 1900 569 1952 donati,
593 1901 720 1943 statim
744 1903 794 1943 ab
817 1900 1080 1956 antiquiffimis
1104 1901 1227 1956 usque
1257 1900 1495 1956 temporibus
1523 1901 1576 1941 ci-

306 1971 468 2011 vitatem
503 1972 706 2014 hominum
742 1972 959 2028 frequentia
996 1973 1112 2028 longe
1149 1974 1339 2014 maiorem
1377 1970 1574 2014 fecerunt:

306 2042 563 2095 quamobrem
595 2042 736 2093 etiam',
761 2043 868 2097 quod
895 2042 1026 2084 Attica
1058 2056 1196 2085 omnes
1232 2056 1371 2098 capere
1403 2056 1448 2084 ac
1473 2043 1574 2085 alere

307 2124 388 2153 non
413 2111 562 2166 poffet,
583 2112 758 2154 colonias
781 2114 820 2154 in
839 2113 992 2154 Ioniam
1017 2114 1149 2169 postea
1173 2114 1392 2156 emiserunt.

362 2182 442 2224 III.
471 2182 562 2224 Hoc
586 2194 716 2224 autem
738 2184 853 2224 etiam
877 2183 1089 2239 priscorum
1113 2185 1316 2226 hominum
1340 2184 1578 2226 imbecillita-

309 2263 388 2294 tem
410 2252 503 2293 mihi
517 2265 598 2294 non
620 2253 776 2294 minime
796 2253 1030 2294 demonstrat
1041 2271 1056 2295 :x
1070 2265 1162 2294 nam
1176 2265 1264 2295 ante
1284 2253 1425 2294 bellum
1441 2254 1580 2295 Troia-

309 2333 404 2362 num
425 2320 474 2361 ab
487 2320 658 2362 Helladis
677 2319 897 2378 civitatibus
912 2320 1006 2360 nihil
1026 2319 1285 2361 communiter
1302 2319 1448 2374 gestum
1469 2320 1576 2363 fuiffe

308 2390 468 2434 constat.
498 2380 559 2432 Ac
583 2404 633 2432 ne
662 2391 739 2432 hoc
765 2390 919 2445 quidem
948 2403 1119 2440 nomen,
1140 2400 1184 2430 ut
1211 2403 1297 2431 mea
1327 2389 1401 2431 fert
1429 2389 1577 2432 senten·

310 2461 388 2511 tia,
407 2460 586 2502 universa
609 2460 777 2504 Graecia
799 2472 1010 2504 commune
1031 2459 1158 2501 adhuc
1184 2459 1372 2502 habebat:
1402 2458 1465 2501 sed
1487 2471 1576 2502 ante
