1670 3094
292 152 385 206 282
492 153 1364 206 'ANNOTATIONES

291 240 586 282 consentaneam
598 274 610 292 ,
631 252 670 282 at
689 241 894 283 Winsemii
906 274 918 293 ,
944 243 1063 283 menti
1081 243 1162 284 eius
1180 253 1407 299 repugnare.
1422 244 1560 299 Quam

289 295 391 336 belle
420 307 550 337 autem
581 297 786 337 cohaereat
817 296 977 350 sequens
1005 298 1247 352 participium
1274 300 1559 354 τεκμαιρόμενος

290 362 382 389 cum
413 350 481 390 illo
512 350 699 400 ἐλπίσας,
725 349 895 399 ostendi,
925 364 1015 391 cum
1043 353 1202 405 margini
1234 353 1558 406 interpretationis

289 403 431 444 vallae
458 405 556 446 hanc
588 404 686 444 illius
714 402 1009 458 τεκμαιρόμενος
1037 406 1335 459 explicationem
1367 407 1558 462 apposui,

292 471 521 511 argumentum
540 458 626 510 sitae
661 458 764 498 huius
776 458 850 512 spei
875 475 919 498 ex
937 475 975 499 eo
999 459 1159 511 fimens,
1205 464 1275 501 uod
1301 461 1337 500 δ’
1367 463 1496 515 utrique
1509 465 1557 515 fl.

290 510 367 551 &c.
393 511 570 552 Ostendit
584 512 696 557 -enim
723 511 998 564 Thucydides,
1024 511 1062 552 se
1080 512 1147 553 ista
1194 527 1243 568 pe
1267 513 1435 554 illeElum
1465 514 1558 555 scri-

288 566 417 618 ptioni
452 566 564 606 huius
585 558 761 607 historiae
781 578 940 606 manum
965 565 1185 608 admoviffe.
1204 581 1322 622 quam
1345 568 1461 622 ipsius
1477 569 1559 609 bel-

289 619 318 658 li
339 620 524 659 comitem
546 631 628 660 non
646 619 745 659 male
764 618 918 664 fortaffe
936 620 1168 671 dixerimus,
1187 633 1276 661 cum
1298 622 1396 662 idem
1418 622 1556 673 huius,

290 673 358 725 qui
378 673 419 713 δι
441 672 532 713 belli
558 673 777 726 prooreffus
799 671 891 714 effet
905 705 918 723 ,
945 674 1002 713 uti
1033 675 1153 715 modo
1184 674 1332 716 dietum
1354 675 1439 716 fuit.
1469 678 1559 717 Ma«

289 725 439 766 luiss'em
460 737 612 776 autem,
634 707 734 767 ficut
759 726 925 768 ἐλπίσας
955 725 1135 782 scriptum
1166 727 1245 778 est,
1267 741 1350 770 non
1374 729 1555 781 ἐλπίζων,

289 779 343 819 ita
361 781 555 834 praeteriti
579 780 856 834 significatione
874 780 1023 822 servata
1040 781 1179 831 dicere,
1201 784 1239 821 in
1252 783 1348 836 spem
1367 786 1529 824 adduaus
1539 800 1558 833 ‚·

290 833 356 873 vel
369 864 383 881 ,
411 839 504 888 quod
521 836 616 888 spem
649 834 855 888 concepzffit.
881 836 982 875 Nam
1007 845 1067 875 tot
1091 846 1171 876 tam
1197 836 1326 876 vicina
1380 838 1554 892 articipia

289 887 467 928 Latinam
489 889 661 942 linguam
682 887 808 929 fateor
833 902 914 930 non
936 890 1158 930 admittere:
1188 902 1233 930 ac
1257 902 1306 930 ne
1329 850 1446 930 alium
1499 894 1555 932 ui-

289 942 377 982 dem
399 941 469 983 scri
495 954 623 984 torem
647 942 843 984 Graecum
862 944 914 983 ita
930 943 971 982 in
993 942 1048 983 sui
1068 943 1153 983 libri
1169 944 1359 998 principio
1380 944 1425 984 iis
1443 958 1469 985 u
1487 959 1554 986 um

290 994 366 1036 effe
385 957 584 1038 exilfimo:
607 998 787 1051 quamvis
808 996 952 1051 alioqui
974 998 1129 1038 minime
1153 1010 1304 1038 novum
1330 997 1555 1052 quibusdam

293 1062 435 1090 eorum
456 1051 516 1101 fit,
531 1051 686 1092 duobus
707 1063 773 1092 aut
793 1052 905 1091 etiam
928 1051 1048 1092 tribus
1068 1051 1164 1092 locis
1183 1052 1238 1091 ita
1257 1052 1400 1092 vicinia
1424 1065 1469 1092 ea
1490 1054 1555 1093 ad-

289 1103 432 1158 hibene.
460 1105 610 1146 STEPH.
641 1105 736 1146 Dici
758 1106 871 1146 etiam
903 1104 1050 1159 potest,
1070 1105 1235 1146 verbum
1258 1105 1429 1146 ἐλπίσας
1450 1106 1559 1161 posu

289 1167 375 1198 tum
395 1157 470 1199 effe
490 1159 640 1200 Graeca
659 1159 959 1208 consuetudine,
981 1173 1056 1214 pro
1079 1159 1238 1210 νομίσας
1260 1161 1454 1214 existimans
1466 1175 1485 1208 ;
1508 1172 1556 1202 ut

288 1211 484 1253 Sallustius
511 1214 665 1267 quidem
685 1213 927 1266 Thucydidis
960 1213 1137 1254 aemulus
1164 1213 1318 1254 vertifl'e
1340 1213 1493 1254 videtur
1512 1215 1555 1255 in

289 1265 370 1307 fine
402 1266 654 1308 Praefationis
681 1268 728 1308 ad
752 1267 895 1308 bellum
924 1267 1204 1308 Catilinarium.
1230 1267 1336 1308 Idem
1367 1268 1485 1308 etiam
1514 1269 1555 1309 in

287 1319 399 1361 libris
429 1321 675 1362 historiarum
703 1321 916 1362 aemulatus
944 1321 1000 1362 est
1021 1322 1251 1371 exordium,
1283 1335 1365 1375 quo
1393 1321 1556 1375 Thucy·

288 1374 392 1468 ‹illides
415 1374 611 1416 historiam
638 1375 746 1417 suam
766 1375 927 1416 exorsus
953 1374 1019 1416 est.
1050 1375 1150 1417 Vide
1173 1375 1403 1429 Fragmenta
1433 1375 1552 1417 Sallu-

324 1429 420 1469 iana.
441 1430 581 1470 Huns.

342 1486 417 1523 ead.
433 1484 456 1523 l.
480 1497 540 1524 11.
563 1483 880 1537 τεκμαιρόμενος,
898 1482 979 1537 ὅτι)
997 1482 1063 1524 De
1084 1483 1162 1523 hoc
1175 1495 1335 1537 quoque
1349 1482 1556 1523 admonen-
1609 1531 1618 1537 μὴ
1654 1474 1663 1499 ²

287 1535 360 1577 dus
384 1537 440 1578 est
462 1537 540 1578 iam
555 1551 659 1579 nunc
676 1537 820 1586 lector,
838 1538 944 1599 quod
961 1550 1043 1578 non
1062 1537 1192 1578 itidem
1218 1537 1320 1592 apud
1344 1536 1441 1577 alios
1464 1535 1557 1577 scri-

288 1602 423 1645 ptores
457 1591 496 1632 ei
525 1602 703 1633 occurret
717 1623 730 1641 ,
757 1592 948 1632 orat1onis
980 1585 1206 1631 stru&uram
1229 1590 1360 1645 paffim
1390 1590 1440 1630 ab
1473 1590 1554 1631 hoc

288 1647 431 1685 mutari
451 1645 490 1684 in
512 1647 635 1686 altero
657 1645 803 1700 periodi
827 1645 1015 1686 membro.
1046 1645 1169 1686 Cuius
1189 1645 1413 1701 mutationis
1429 1644 1472 1685 δι
1491 1644 1555 1686 hic

287 1699 512 1754 exemplum
537 1699 614 1750 est,
639 1697 926 1754 τεκμαιρόμενος
959 1698 1016 1739 ὅτι
1043 1698 1280 1751 ἀκμάζοντές
1311 1713 1357 1739 τε
1388 1700 1484 1739 ἦσαν
1516 1698 1557 1738 ἐς

286 1747 402 1794 ada-bv
435 1753 531 1805 ἀμφ.
563 1768 658 1806 ποις».
686 1752 737 1804 τῇ
771 1752 900 1803 πάσῃ,
925 1753 988 1793 κα)
1020 1755 1065 1792 το
1101 1754 1199 1793 ἄλλο
1233 1751 1436 1793 Ἑλληνικόν
1469 1751 1555 1804 ὅρῶν

288 1805 556 1859 ξυνιστάμενον
581 1810 674 1862 προς
699 1806 809 1847 enarr.
836 1808 938 1848 Nam
961 1808 1028 1861 qui
1047 1806 1298 1860 Thucydides
1319 1808 1364 1858 in⁴
1382 1804 1552 1846 scriben-

287 1861 341 1900 do
358 1874 441 1902 non
459 1861 606 1912 fuisset,
627 1863 679 1902 ita
696 1863 828 1917 potius
848 1860 1015 1911 dixiffet‚
1036 1860 1329 1915 τεκμαιρόμενος
1348 1859 1407 1899 δ’τι
1427 1858 1556 1910 ἀκμά-

287 1916 415 1963 ζοντές
437 1931 482 1957 τε
502 1910 598 1958 {aar
624 1916 699 1956 &c.
722 1916 787 1956 καὶ
820 1914 879 1955 ὅτι
902 1918 946 1955 τὸ
968 1913 1068 1955 ἄλλο
1093 1914 1299 1956 Ἐλληνιιὼν
1329 1911 1423 1967 ἑώρα,
1456 1912 1554 1965 ξυνι-

289 1967 489 2021 στάμενον.
523 1970 602 2011 Vel
627 1971 680 2010 ita
697 2001 709 2020 ‚
734 1968 1029 2024 τεκμαιρόμενος
1059 1969 1103 2008 ἐκ
1129 1966 1197 2009 τοῦ
1234 1965 1484 2019 ἀκμάζοντάς
1507 1981 1554 2006 τε

287 2018 382 2063 εἶναι
412 2023 450 2063 ἐς
482 2020 600 2064 αὐτὸν
635 2023 884 2077 ἀμφοτέρους,
909 2023 985 2064 &c.
1009 2023 1073 2063 κοιὶ
1101 2021 1144 2063 ἐκ
1166 2019 1234 2062 τοῦ
1263 2020 1348 2076 ὃρᾷν
1378 2020 1423 2062 τὸ
1454 2019 1554 2060 ἄλλο

288 2074 493 2118 ’Ἑλληνικὴν
518 2077 793 2131 ξυνιστάμενον.

355 2130 402 2170 In
428 2132 472 2171 iis
492 2142 647 2181 autem,
668 2144 771 2185 quae
793 2131 973 2186 proxime
1001 2129 1237 2184 sequuntur,
1258 2129 1302 2168 ‘rb
1326 2126 1395 2188 μὲν
1420 2123 1552 2190 εὗΘὺςΙ,

288 2185 333 2226 το
349 2183 395 2224 s&
417 2185 483 2224 καὶ
509 2185 783 2236 ὃιανοοὺμενον,
811 2183 957 2226 neceffe
977 2183 1031 2224 est
1053 2197 1143 2224 cum
1169 2181 1370 2236 participio
1385 2180 1550 2221 ἓιανοου-

285 2253 395 2290 μενον
416 2237 690 2279 subaudiamus
712 2238 947 2278 infinitivum
971 2236 1217 2290 ξυνίστασῧαι
1230 2266 1242 2284 ,
1266 2247 1316 2275 ex
1334 2235 1549 2298 ‘participio

289 2291 556 2345 ξυνιστάμενον
575 2292 756 2333 sumtum.
782 2292 855 2333 Sed
874 2304 954 2332 non
968 2291 1095 2345 probo
1120 2290 1231 2330 istam
1253 2301 1365 2329 vocis
1386 2288 1561 2329 saoevoov·

286 2361 394 2398 μενον
427 2347 526 2387 inter
553 2346 779 2387 retationem
792 2377 804 2395 ,
832 2346 907 2399 post
940 2344 1229 2397 confitltationem.
1259 2342 1349 2391 vel,
1382 2358 1415 2383 re
1438 2344 1552 2396 postea

287 2401 481 2441 deliberata.
510 2401 523 2440 i
575 2399 649 2450 est,
671 2402 778 2452 μετὰ,
807 2402 851 2439 το
885 2396 1183 2444 βουλεύσασθαι.
1212 2396 1274 2437 Ne
1330 2409 1352 2437 e
1376 2396 1479 2436 enim
1505 2395 1554 2436 de

289 2454 335 2494 iis
356 2455 493 2506 etiam,
514 2455 582 2510 qui
604 2452 706 2495 εὐθὺς
728 2452 946 2508 ξυνίσταντο
960 2483 972 2501 ,
986 2450 1236 2494 dubitandum
1254 2463 1276 2491 e
1318 2482 1330 2502 ‚
1352 2450 1450 2504 quin
1467 2447 1555 2504 post
