1670 3094
298 177 387 227 126
584 175 1271 225 THUCYDIDIS

292 265 482 337 ἦξιόυντε
506 294 655 329 οουτους
677 294 741 342 μη
759 274 971 334 τειχίζειν,
996 267 1132 322 ἄλλοι
1155 294 1232 323 nou
1257 295 1335 324 των
1362 266 1440 335 ἔξω
1459 269 1560 324 He·-

289 345 539 409 λοποννησου
561 349 741 419 μᾶλλον
757 345 863 405 ὅσοις
881 344 1130 408 Ξυνειστηκει
1143 349 1424 413 guarnamam
1441 369 1562 418 μετα,

291 425 418 481 σφων
436 448 528 483 τους
545 422 813 497 περιβολους·
838 446 883 474 το
907 445 982 492 μεν
999 424 1254 494 βουλὸμενον
1278 447 1357 476 nou
1376 447 1563 476 v7to⁷rrov

290 527 363 564 της
388 524 563 571 γνωμης
591 503 634 551 οὐ
663 499 907 560 δηλοῦντες
897 520 936 557 ες
960 523 1053 557 τους
1080 500 1381 562 Ἀθηναίους,
1355 523 1410 558 ως
1428 490 1474 552 de
1491 523 1563 552 του

291 577 572 667 βαρβρίρου,
569 583 602 628 εἰ
623 571 740 634 αὐθις
768 571 956 630 ἔνι-ἔλθοι,
983 599 1058 627 ουκ
1086 571 1137 629 ἂν
1157 573 1319 639 ἔχοντος
1341 574 1432 628 ἀπο
1459 578 1564 639 ἐχυ-

290 679 358 728 ρου
332 646 558 708 ποθεν,
540 673 687 719 ωσπερ
708 650 769 703 νῧν
789 652 839 702 ἐκ.
856 674 934 702 των
957 650 1144 712 Θηβων,
1167 652 1412 749 ὁρμᾶσθαι·
1430 677 1499 713 την
1517 673 1563 704 τε

291 729 611 789 Πελοπόννησον
628 728 765 779 ποῖα-ιν
780 722 958 789 ἔφασαν
980 726 1245 800 ἀναχωρησιν
1262 751 1307 780 τε
1326 751 1404 780 και
1422 733 1563 800 ἀφορ·

294 831 378 879 μην
398 805 538 866 ἱκωνην
560 802 675 857 εἶναι.
704 808 738 855 οἱ
765 802 807 853 δ’
830 803 1051 863 Αθηνοωοι,
1075 801 1426 874 Θεμιστοκλέους
1449 826 1564 870 γνω-

293 909 378 955 μη,
399 906 492 941 τους
510 902 586 952 μεν
613 879 976 950 Λακεδαιμονίους
1000 880 1121 931 ταῦτ’
1142 878 1356 938 εἰπόντας,
1383 885 1564 970 ἀποκρι-

292 981 456 1031 ναμενοι
480 981 540 1009 οτι
559 952 852 1028 πέμψουσιν
826 979 881 1014 ως
901 952 1052 1014 αὐτους
1072 952 1276 1048 πρέσβεις
1285 979 1391 1048 περι
1418 960 1470 1010 ὡν
1487 952 1564 1008 λέ-

294 1059 464 1102 yona-av,
501 1030 615 1091 εὐθυς
648 1029 936 1094 ἀπηλλαξοιν·
976 1028 1116 1085 ἑαυτον
1150 1033 1193 1084 δ’
1230 1030 1414 1086 ἐκέλευεν
1450 1037 1566 1085 ἀπο-

291 1109 490 1166 στέλλειν
512 1133 567 1169 ως
590 1107 795 1172 τάχιστα.
817 1112 836 1159 ὁ
857 1106 1199 1180 Θεμιστοκλης
1189 1131 1228 1168 ες
1246 1133 1314 1171 την
1338 1109 1565 1162 Λακεδαί-
1611 1163 1624 1167 ,

295 1211 430 1260 μονα,
460 1185 628 1244 ἄλλους
653 1177 695 1237 ὃ
686 1207 703 1236 ε
730 1209 832 1258 προς
856 1185 995 1257 ἑαυτῷ
1021 1182 1232 1256 ἑλομένους
1255 1181 1481 1276 πρέσβεις,
1502 1209 1566 1276 μη

295 1263 446 1325 εὐθυς
435 1284 693 1335 mmmmm,
715 1261 828 1314 ἀλλ’
848 1263 1040 1326 {metzam
1061 1258 1191 1369 μέχρι
1209 1284 1399 1317 τοο-ουτου
1418 1257 1495 1320 ’ἕως
1514 1257 1567 1314 ἂν

294 1427 393 1458 iant.
415 1416 663 1458 Postularunt
682 1425 812 1456 autem
831 1413 882 1454 ab
902 1412 1011 1468 ipsis,
1027 1427 1076 1455 ne
1096 1428 1232 1456 muros
1253 1414 1479 1465 reficerent3
1501 1413 1564 1455 sed

293 1487 427 1542 potius
450 1487 627 1528 omnium
652 1485 767 1527 etiam
790 1485 967 1532 urbium,
993 1498 1096 1539 quae
1120 1495 1230 1526 extra
1250 1484 1563 1541 Peloponnesum

292 1568 427 1608 erant,
455 1567 783 1612 quarumcunque
811 1554 979 1595 ambitus
1002 1554 1128 1609 adhuc
1150 1554 1314 1606 starent,
1341 1568 1411 1596 eos
1433 1553 1563 1595 secum

294 1625 596 1667 demolirentur:
611 1624 857 1667 voluntatem
876 1623 1031 1679 quidem
1049 1623 1157 1666 suam
1176 1625 1370 1680 animique
1388 1623 1568 1680 suspicio⁴
1605 1631 1608 1635 '
1667 1630 1670 1638 ·

293 1709 409 1747 nem,
429 1709 548 1750 quam
571 1694 619 1736 de
643 1693 943 1736 Atheniensibus
967 1693 1183 1744 habebant,
1205 1707 1288 1735 non
1311 1694 1567 1744 declarantes3

293 1766 358 1808 sed
382 1765 596 1821 speciosam
620 1766 776 1808 causam
799 1765 1112 1821 praetendentes,
1130 1778 1180 1806 ne
1201 1765 1410 1816 barbarus,
1431 1764 1462 1806 fi
1481 1779 1567 1806 rur-

293 1838 357 1879 sus
375 1837 564 1880 Graeciae
577 1837 721 1879 bellum
742 1836 922 1888 inferret,
939 1837 1063 1878 ullum
1082 1837 1216 1879 locum
1235 1838 1428 1881 munitum
1449 1837 1566 1878 habe-

295 1919 355 1950 ret
367 1940 378 1959 ‚
396 1909 500 1950 unde
522 1919 662 1950 contra
681 1908 862 1950 Graecos
883 1907 1214 1964 proficisceretur,
1237 1907 1565 1964 quemadmodum

295 1989 390 2019 tunc
406 1992 457 2019 ex
469 1979 753 2020 Thebanorum
769 1979 868 2020 urbe
882 1978 1039 2021 fecerat.
1057 1979 1108 2020 Et
1118 1977 1426 2033 Peloponnesum
1444 1979 1567 2020 omni-

295 2049 371 2090 hus
390 2049 678 2103 receptaculum
690 2049 732 2089 δι
747 2048 968 2104 perfugium
990 2048 1080 2090 satis
1100 2058 1228 2089 tutum
1247 2046 1332 2089 fore
1343 2079 1356 2098 ‚
1374 2048 1564 2091 dixerunt.

297 2118 551 2160 Athenienses
564 2132 664 2160 vero
680 2119 726 2160 de
738 2118 1010 2160 Themistoclis
1021 2117 1205 2160 sententia
1219 2117 1545 2161 Lacedaemonios
1554 2151 1567 2171 ,

296 2190 365 2244 qui
384 2189 479 2231 haec
499 2189 693 2239 dixerant,
715 2188 918 2230 confestim
941 2188 1180 2239 dimiserunt,
1198 2188 1272 2230 illis
1293 2189 1385 2230 dato
1406 2189 1565 2246 respon-

297 2258 365 2314 so,
379 2259 528 2314 legatos
551 2259 654 2301 hisce
676 2259 722 2300 de
742 2260 882 2310 rebus,
904 2273 1001 2315 quas
1021 2258 1219 2310 dixissent,
1237 2273 1259 2300 a
1280 2258 1318 2300 se
1331 2260 1379 2301 ad
1391 2273 1462 2302 eos
1476 2260 1563 2302 mis-

297 2330 381 2373 sum
398 2330 458 2372 iri.
478 2329 759 2372 Themistocles
777 2340 907 2372 autem
926 2330 1223 2373 Atheniensibus
1244 2341 1327 2371 erat
1345 2330 1504 2382 auilor,
1518 2343 1562 2373 ut

299 2399 338 2442 se
359 2400 646 2443 Lacedaemona
670 2401 798 2456 primo
818 2411 978 2454 quoque
1006 2410 1183 2455 tempore
1207 2400 1439 2450 mitterent‚·
1452 2399 1563 2441 alios-

300 2484 378 2526 que
399 2470 568 2526 legatos,
587 2481 739 2527 praeter
754 2469 792 2512 se
811 2468 977 2523 eleetos,
998 2482 1080 2512 non
1099 2468 1226 2513 subito
1247 2470 1484 2514 emitterent:
1501 2468 1563 2513 sed
