1670 3094
289 166 391 231 '364
501 163 1372 214 ANNOTATIONES

290 258 429 307 detur,
451 253 549 299 ὥστε
562 256 670 312 μῆγε
686 257 843 311 ἀπειρίᾳ
867 256 960 297 {md
977 257 1068 297 τινὰ.
1091 252 1158 295 τοῦ
1179 252 1293 308 ἔργου
1317 253 1436 309 (ἕπερ
1455 252 1503 297 ἔὶν
1526 251 1566 295 ὀἷ

292 327 341 351 π.
362 311 541 367 πάθοιεν)
563 310 666 363 μήτε
684 312 828 366 ἀγαθὸν
847 309 949 362 μήτε
972 311 1062 360 deo-q).
1092 310 1168 350 &c.
1188 319 1256 349 aut
1277 319 1382 350 certe
1400 310 1568 350 retinen-

292 365 347 405 do
365 366 520 420 quidem
539 366 604 406 καὶ
619 365 794 416 ἀσφαλὲς
810 396 821 414 ,
845 365 908 406 sed
921 378 1002 405 non
1020 363 1204 418 ponendo
1227 359 1329 414 μῆτε
1349 373 1440 404 ante
1459 364 1569 416 ἀγα-

290 418 361 459 Θόν.
382 420 465 461 Cur
484 421 639 461 minime
674 418 894 470 ἐπιθυμήσει
916 417 1080 472 aliquis?
1114 415 1184 458 θινὶ
1217 418 1262 455 ‘rb
1292 412 1394 467 μήτε
1423 417 1570 470 ἀγαθδν

292 469 394 523 μίν-τε
419 473 592 524 ἀσφαλὲς
610 477 772 524 νομίσαι.
798 473 925 536 Quod
944 471 973 511 s1
998 471 1145 525 ἀγαθὶν
1171 470 1384 525 (particula
1402 467 1502 522 μήτε
1521 470 1570 510 il·-

291 526 319 566 li
341 540 424 567 non
473 527 641 580 raefixa)
670 527 709 566 δι
731 526 797 566 καὶ
818 525 992 573 oco-oon&
1012 525 1243 566 scriberetur
1256 555 1268 574 ,
1290 523 1359 564 ista
1381 525 1430 564 ad
1453 524 1570 564 ἀπει-

289 580 373 634 ρίαν
393 594 435 621 re
451 591 639 622 errentur.
657 580 735 621 hoc
753 580 856 620 enim
874 579 1050 630 ἀπειρίαις
1066 578 1178 628 effer,
1194 578 1341 632 ἀγαθὸν
1357 579 1421 618 καὶ
1437 579 1566 628 οἱα-φαι-

291 633 357 674 λὲς
376 634 471 674 illud
494 635 653 686 νομίσαι.
675 633 790 674 Addo
809 642 939 673 autem
962 633 1004 673 δι
1024 630 1234 686 hoc,poffe
1257 632 1408 686 quidem
1425 633 1571 672 retine-

290 688 327 727 ri
348 685 446 738 μῆτε
472 688 626 742 ἀπειρίᾳ,
644 687 751 728 {mes
764 687 972 741 itidemque
987 682 1086 738 μῖιτε
1110 685 1255 739 ἀγαθὸν
1274 686 1339 725 καὶ
1366 685 1565 736 ἀσφαλὲς,

293 740 358 781 sed
377 743 564 782 mutando
591 741 796 793 νομίσαντα
818 742 858 780 in
880 740 1049 792 νομίσαιε
1069 749 1114 780 ut
1137 736 1234 790 μήτε
1257 738 1445 792 posterius
1475 753 1567 779 cum

287 795 370 836 hoc
392 795 539 847 νομίσαι
563 797 772 850 iungatur,
797 794 894 835 ficut
916 790 1016 846 μήτε
1039 795 1147 848 prius
1173 805 1266 832 cum
1289 792 1357 834 illo
1383 792 1564 844 ἐπιθυμῆ-

290 864 360 889 σαι
383 850 577 904 iungitur,
598 851 635 890 id
657 849 735 898 est,
764 849 811 889 ad
837 849 932 889 illud
957 847 1131 888 refertur.
1150 846 1302 887 STEPH.

344 908 420 945 ead.
443 907 469 944 l.
501 918 561 944 12.
591 906 658 945 Τὸν
679 903 876 954 πόλεμον)
904 904 1015 943 Haec
1043 903 1083 942 in
1118 900 1200 941 aliis
1225 898 1314 940 Mff.
1345 898 1502 950 desunt3
1525 901 1567 941 in

290 956 372 997 aliis
395 958 520 999 sedem
545 969 708 998 mutant.
726 956 882 997 Possunt
903 956 1038 997 abeffe.
1063 957 1209 996 WASS.

347 1012 442 1065 Pag.
470 1027 554 1060 1¹4·
585 1013 608 1051 l.
633 1026 692 1066 15.
723 1010 916 1064 Θαρσοίη)
943 1009 1100 1064 Θαῤῥοίη
1125 1008 1196 1050 Gr.
1217 1006 1286 1048 Ar.
1311 1006 1360 1048 C.
1383 1005 1446 1047 sed
1472 1006 1566 1048 illud

289 1063 418 1106 sanius
443 1066 509 1106 est.
534 1068 679 1107 WAss.
707 1065 835 1118 Quod
858 1064 978 1119 paulo
994 1075 1083 1104 ante
1105 1063 1144 1102 in
1165 1061 1322 1116 optimis
1339 1060 1566 1116 quibusdam

290 1119 379 1159 Mff.
398 1119 474 1170 est,
495 1121 642 1160 ἄντιτα
663 1118 958 1170 :canevam-blas&
971 1150 983 1168 ‚
1007 1118 1046 1157 id
1066 1118 1225 1156 minime
1242 1115 1487 1156 reiiciendum
1507 1128 1568 1155 ar-

288 1173 427 1214 bitror.
455 1174 504 1214 Et
528 1185 621 1228 pote
679 1172 844 1227 suspicio
875 1171 974 1221 effe,
1009 1171 1167 1212 alteram
1201 1169 1425 1224 scripturam
1449 1169 1499 1209 ab
1522 1170 1568 1209 il-

290 1227 339 1267 lis
363 1239 490 1268 ortam
504 1259 516 1278 ,
566 1229 606 1268 ui
629 1227 871 1276 nesciebant,
892 1226 957 1267 vel
979 1238 1060 1266 non
1078 1225 1328 1279 cogitabant,
1346 1236 1428 1264 non
1447 1222 1566 1263 infre-

288 1293 473 1335 quentem
511 1295 534 1322 e
564 1295 586 1322 e
615 1282 655 1322 in
701 1282 780 1322 hoc
809 1280 882 1322 scri
911 1291 998 1321 tore
1035 1280 1151 1320 unius
1185 1277 1303 1319 futuri
1336 1290 1411 1331 pro
1442 1277 1567 1318 altero

290 1335 504 1431 usumz6de
533 1349 615 1391 quo
639 1346 775 1376 monet
794 1336 846 1375 H.
897 1335 1089 1390 tephanus
1106 1333 1155 1374 ad
1180 1332 1352 1385 Dionys.
1373 1331 1568 1374 Halicarn.

288 1403 334 1430 ca
365 1420 374 1430 .
407 1404 423 1430 1
458 1420 468 1430 .

337 1404 438 1498 1}'ag*.
470 1458 556 1499 1¹5·
578 1445 603 1484 l.
622 1443 659 1484 8.
683 1443 870 1492 Ταιπλέω)
889 1444 948 1481 Tic
967 1441 1074 1482 πλέω
1103 1439 1202 1482 caff.
1228 1439 1327 1493 Reg.
1353 1438 1428 1480 Gr.
1447 1437 1566 1480 recte.

288 1498 371 1548 Vl,
394 1513 416 1538 2
442 1501 500 1538 τὰ
524 1498 645 1538 πλείω
673 1498 771 1552 Reg.
797 1497 840 1537 &
861 1496 967 1546 VH,
1000 1495 1047 1535 82
1072 1495 1113 1536 δι
1135 1495 1180 1545 Ι,
1207 1494 1254 1548 83
1289 1492 1374 1534 Mff.
1399 1493 1456 1532 Ita
1480 1494 1564 1533 He-

291 1553 456 1594 rodotus
476 1552 516 1602 I,
545 1554 642 1604 176,
661 1552 738 1602 IV,
766 1551 851 1592 168.
875 1550 935 1591 Sic
957 1552 1001 1590 'rb
1018 1549 1199 1589 πλεῖστον
1218 1547 1441 1602 Xenophon
1460 1546 1566 1587 Hell.

289 1607 374 1701 XI,
403 1606 490 1662 589.
513 1608 774 1662 Hippocrates
799 1605 847 1646 de
878 1605 1028 1645 Natura
1054 1603 1223 1643 hominis
1253 1614 1340 1657 pag.
1378 1601 1416 1641 8.
1442 1600 1566 1653 Poly-

320 1675 381 1701 1us
406 1676 427 1700 2
487 1691 496 1700 .

344 1719 419 1755 ead.
431 1676 549 1767 91313.
576 1710 705 1754 Οὕτως
735 1712 862 1766 sinze)
888 1711 1110 1765 Quomodo
1140 1710 1244 1750 hunc
1269 1707 1401 1749 locum
1435 1706 1565 1760 legiffe

289 1768 537 1810 Scholiastem
563 1769 757 1817 dicemus,
783 1767 848 1807 vel
873 1765 1004 1806 saltem
1035 1764 1340 1819 suspicabimur?
1370 1761 1566 1802 'Aenmim

288 1835 395 1864 certe
420 1823 563 1865 lectum
595 1823 644 1863 ab
667 1835 718 1863 eo
751 1819 881 1869 fuisse,
901 1819 1027 1861 testari
1050 1819 1210 1859 videtur
1236 1818 1321 1858 eius
1343 1814 1559 1869 expositio:

287 1876 353 1918 fed
380 1890 431 1917 an
455 1878 674 1932 negativam
697 1875 921 1928 particulam
957 1885 1047 1914 ante
1070 1873 1165 1912 εἰιδος
1195 1871 1372 1926 scriptam
1400 1871 1566 1909 invene-.

288 1932 366 1980 rit,
387 1945 436 1972 an
459 1931 506 1972 de
527 1930 599 1972 suo
624 1931 804 1971 adiecerit
818 1961 831 1979 ,
856 1928 1021 1968 dubitari
1049 1925 1185 1981 potest.
1211 1926 1470 1976 Utrocunque
1491 1935 1564 1962 au-

290 1996 369 2028 tem
394 1986 514 2026 modo
535 1984 573 2026 se
590 1998 653 2025 res
677 1984 816 2024 habeat
831 2013 843 2031 ,
864 1983 947 2022 eius
973 1980 1163 2036 expositio
1183 1979 1292 2020 istam
1310 1990 1403 2033 prae
1426 1976 1464 2016 se
1485 1975 1562 2016 fert
1609 2003 1612 2005 Δ
1639 1995 1641 2000 ’

289 2040 499 2082 lectionem
514 2069 525 2087 ‚
549 2035 666 2079 οὕτως
683 2035 750 2078 οὐκ
771 2038 866 2076 sinze
883 2036 1073 2076 Ἀθηναίων
1095 2030 1319 2088 φρονήματι.
1341 2030 1467 2084 Quod
1489 2043 1563 2070 au-

291 2103 370 2134 tem
394 2094 442 2133 ad
463 2107 508 2133 ea
521 2124 532 2142 ‚
549 2106 651 2146 quae
666 2092 843 2147 proxime
862 2089 1098 2143 sequuntur,
1117 2088 1269 2136 attinet,
1289 2095 1559 2140 praeterquam

291 2148 402 2201 quod
422 2145 523 2197 μήτε
546 2160 629 2186 non
649 2147 804 2186 videtur
826 2143 1034 2198 agnoscere
1063 2152 1152 2182 ante
1185 2138 1394 2180 somam
1408 2169 1420 2188 ,
1443 2138 1560 2178 etiam

289 2214 365 2256 pro
396 2201 530 2241 dativo
559 2199 610 2251 τῇ
635 2200 691 2253 γῇ
725 2200 842 2240 alium
878 2196 990 2238 affert
1038 2195 1216 2238 videlicet
1248 2190 1345 2243 ἧμῖν.
1369 2191 1443 2232 Sed
1475 2190 1567 2232 fieri*

294 2254 442 2310 potest,
467 2265 512 2295 ut
535 2255 753 2307 negativam
782 2252 967 2293 voculam
990 2227 1037 2290 de
1060 2249 1130 2289 suo
1160 2246 1329 2303 posuerit
1350 2256 1441 2285 ante
1465 2245 1563 2286 εἰκδς

294 2308 577 2363 (expositionis
607 2306 752 2366 gratia)
775 2319 826 2346 ex
851 2305 920 2344 illo
951 2302 1050 2356 μήτε
1078 2302 1263 2349 sumtum,
1287 2301 1329 2341 &
1357 2298 1443 2353 post
1473 2295 1561 2348 ὑμῖν
1591 2344 1593 2346 ,
1627 2331 1630 2334 .

293 2362 473 2404 adiecerit
497 2361 567 2402 διὰ
593 2361 660 2402 τὴν
716 2374 780 2409 nv,
807 2369 874 2398 aut
896 2358 1039 2412 aliquid
1068 2355 1299 2396 huiusmodi.
1327 2354 1425 2394 Eum
1452 2352 1562 2392 deni·

292 2432 371 2471 que
396 2417 503 2458 aliter
530 2415 662 2456 locum
716 2426 793 2454 unc
815 2411 942 2464 legisse
971 2409 1189 2465 persuasum
1215 2409 1363 2456 habeo,
1389 2405 1451 2447 sed
1477 2418 1562 2447 non
1625 2443 1632 2451 ,

294 2485 424 2513 tamen
443 2481 523 2512 tam
540 2467 752 2518 diversam,
769 2479 886 2522 quam
905 2478 996 2521 prae
1019 2464 1056 2506 se
1073 2463 1147 2505 fert
1165 2464 1248 2504 eius
1266 2460 1459 2522 expositio
1471 2491 1484 2511 ‚
1503 2459 1571 2502 le-.
1624 2479 1628 2482 ’
