1670 3094
279 150 374 216 360
478 138 1347 196 'ANNOTATION'ES

276 234 405 299 σχρὸν
422 233 546 284 ἐστιν,
569 229 597 275 ὅ
622 230 756 301 ἄνὲρξς
779 233 982 297 Ἀθηναῖοι,
1011 234 1042 274 εἰ
1064 234 1146 287 ἐγὼ
1169 233 1237 284 μὲν
1269 235 1324 273 τὰ
1346 232 1451 287 ἕργοέ
1472 232 1560 277 τοῖν·

275 290 371 341 vore?
388 289 490 341 υμῶν
514 288 631 330 στόνων
653 304 859 341 υπεμεινα,
879 289 983 342 vlt-215
1001 287 1047 328 ὃὲ
1066 288 1173 340 unse
1197 285 1284 328 τοὺς
1308 287 1449 342 λόγους
1474 286 1544 330 οιῦ-
1622 311 1624 316 v
1653 295 1656 298 ’

275 342 350 383 τῶν
371 342 565 396 ἀνέξεσθε.
593 344 733 384 HUDS.

332 401 406 438 ead.
427 399 453 436 l.
475 412 512 447 4.
535 395 834 450 Στερισκόμεθα)
850 395 952 437 Cum
972 396 1048 436 iam
1076 397 1174 437 olim
1200 394 1439 436 annotaffem
1458 410 1547 437 στε-
1599 414 1602 415 ’

276 451 491 505 ρισκώμεθα
512 451 552 490 ἰη
577 451 772 504 margine,
791 463 816 490 e
841 451 1002 503 regione
1022 450 1351 504 interpretationis
1381 450 1561 500 Vallae„

276 505 389 559 quod
411 506 442 546 is
451 504 691 559 ,scripturam
723 505 825 544 hanc
845 502 994 544 secutus
1015 503 1091 546 effe
1115 504 1311 545 videatur:
1341 503 1476 558 postea
1503 504 1561 545 δι.

278 573 411 600 meum
434 569 552 599 vetus
573 558 771 612 exemplar
792 558 830 597 ei
848 556 1015 598 assentiri
1035 559 1221 612 comperi.
1240 558 1393 598 STEPH.
1417 558 1462 598 Id
1478 557 1548 608 est,

279 630 345 654 nos
368 625 479 652 autem
502 614 594 652 omni
619 614 951 662 commemoratione,
970 614 1009 665 fi
1025 613 1108 665 quid
1122 615 1263 666 profit,'
1279 627 1322 652 ne
1344 612 1548 666 privemur,

277 678 324 708 ut
345 666 475 720 Steph.
499 666 538 706 in
560 679 682 719 marg.
696 666 760 706 ed.
784 680 818 704 2.

334 723 410 760 ead.
434 721 458 760 l.
481 734 520 772 7.
546 719 766 773 Μαραθῶνι)
792 718 838 758 In
858 718 982 760 Clem.
1005 717 1120 760 Alex.
1146 718 1209 760 VI
1236 718 1380 760 Strom.
1408 733 1447 774 p.
1469 717 1550 760 626

279 787 483 830 perperam
509 773 769 827 Μαραθωνῖται
791 773 898 823 μόνον
921 771 1232 827 προκινὲυνεῧσαι
1247 804 1260 822 ,
1288 787 1356 814 ‘rou
1378 785 1452 826 pro
1478 787 1548 822 τε,

279 842 416 923 ergore
433 828 587 922 ἀοένίο.
609 827 823 881 Sylburgio
853 827 906 867 ibi
932 840 1016 869 non
1038 827 1146 869 venit
1169 828 1210 867 in
1240 838 1409 868 mentem
1434 826 1550 868 locus

278 884 318 926 T
346 895 398 923 uc
459 883 469 922 i
498 884 539 922 is.

334 896 453 977 eadyl.
475 936 512 976 8.
531 933 868 989 Hpontvsuveffcoea)
889 935 994 976 Hinc
1011 935 1254 976 decantatum
1279 933 1371 975 illud
1391 944 1550 975 mutua-

281 1002 346 1032 tus
369 989 424 1031 est
451 990 716 1031 iusiurandum
740 989 1044 1030 Demosthenes:
1071 984 1158 1035 Οὔκ,
1174 988 1274 1029 ἔστιν
1297 987 1402 1028 ὅπως
1427 985 1549 1040 ἧμας-

281 1058 407 1093 τετε;
440 1041 479 1085 οὐ
512 1047 580 1083 MA
608 1044 694 1085 τοὺς
731 1044 767 1084 ἐν
799 1042 997 1097 Μαραθῶνι
1025 1046 1548 1084 ΠΡΟΚῙΝΔΎΝΕΎΣΑΝΤΑΣ

283 1099 360 1140 &c.
382 1099 473 1139 Vid.
496 1098 686 1140 Plutarch.
708 1097 754 1138 de
777 1093 917 1139 Gloria
933 1097 1076 1138 Athen.
1103 1096 1334 1150 Quintilian.
1361 1095 1462 1143 XII,
1489 1109 1552 1137 10.
1571 1127 1574 1130 -
1641 1093 1646 1138 Ῐ

282 1153 442 1194 Lucian.
455 1153 501 1192 ¹in
523 1152 725 1193 Demosth.
748 1152 909 1192 Encom.
929 1151 970 1191 δι
985 1151 1205 1204 Longinum
1224 1164 1306 1205 cap.
1326 1149 1438 1191 XVI.
1452 1163 1550 1190 mox

283 1207 348 1248 lin.
380 1221 427 1247 12
449 1205 495 1247 ἂν
517 1207 629 1247 ’όντων
650 1205 736 1248 Mff.
755 1216 800 1246 ut
822 1219 908 1259 pag.
942 1219 1014 1245 102
1037 1205 1102 1245 lin.
1124 1219 1182 1244 11.
1200 1206 1346 1246 WASS.

351 1262 445 1313 Pag.
481 1275 566 1316 105.
594 1262 619 1300 l.
645 1275 683 1310 4.
715 1258 850 1300 Τούτου
879 1258 1127 1313 ξυμβάντος)
1158 1259 1384 1309 Ξυμβέιντος
1416 1256 1550 1297 τούτου

285 1329 376 1356 cum
404 1315 502 1369 Reg.
529 1313 630 1356 Caff.
656 1315 698 1355 δι
725 1327 809 1369 pag.
838 1327 908 1366 123
929 1313 994 1353 lin.
1019 1327 1035 1352 1
1058 1327 1131 1367 pro
1154 1312 1343 1353 λελύσθαι
1366 1310 1410 1351 αἱ
1429 1326 1550 1354 σπον-

285 1369 358 1411 ἓαὶ
387 1368 460 1423 leg.
482 1382 573 1410 cum
592 1369 689 1423 Reg.
710 1368 900 1409 λελύσθαι
920 1365 1075 1407 &nufias
1099 1367 1174 1408 &c.
1192 1367 1328 1408 ordine
1346 1365 1521 1406 meliore.

266 1446 269 1448 -
343 1426 418 1463 ead.
441 1424 466 1462 l.
486 1437 521 1477 9.
541 1422 826 1477 Τετρακοσίοις)
850 1422 920 1462 Ar.
946 1420 994 1462 C.
1018 1419 1251 1475 τριακοσίοις.
1273 1420 1471 1460 Numerus
1491 1429 1553 1460 to-

286 1477 364 1518 tius
385 1476 505 1518 claffis
530 1476 659 1542 ’πάρεξ
687 1476 759 1517 τῶν
789 1475 1099 1528 πεντηκοντέρων,
1121 1485 1250 1524 erant,
1272 1474 1397 1527 inquit
1418 1474 1552 1513 Hero·

289 1531 425 1581 dotus,
446 1531 662 1581 ὃιηιιοσιαι,
689 1529 753 1570 καὶ
781 1527 1040 1582 ἕβέομῆκοντοι
1061 1529 1125 1568 καὶ
1148 1529 1233 1580 μία.
1254 1528 1333 1570 vid.
1353 1528 1551 1580 Nepotem

289 1584 478 1627 Themist.
499 1599 539 1639 p.
570 1598 634 1638 43.
667 1587 813 1626 WAss.
843 1583 905 1625 Cf.
930 1583 1120 1624 Herodot.
1141 1583 1167 1624 l.
1193 1582 1216 1623 8
1233 1613 1247 1631 ,
1265 1595 1300 1624 c.
1320 1595 1382 1632 44.
1407 1582 1450 1623 δι
1473 1580 1556 1622 vid.
1632 1572 1636 1611 ἶ

287 1639 482 1680 Heilman.
500 1640 547 1679 ad
567 1639 605 1678 h.
633 1638 658 1678 l.

343 1689 433 1734 ead.
449 1695 472 1734 l.
500 1707 558 1734 12.
584 1691 713 1743 Ὑμεῖς
741 1688 978 1743 ἐτιμήσατε)
1014 1689 1315 1733 Themistoclem
1330 1702 1332 1706 ’
1346 1687 1554 1743 sapientiae
1604 1697 1610 1703 ·

289 1761 388 1802 ergo
408 1743 519 1789 oleae
539 1760 650 1787 ramo
672 1746 863 1786 donarunt
892 1744 1209 1795 Lacedaemonii,
1234 1744 1277 1785 δι
1308 1755 1450 1792 curm,
1482 1743 1554 1796 qui

289 1802 452 1857 Spartae
472 1802 607 1843 ceteris
654 1800 851 1841 raestabat.
870 1799 1093 1842 Plutarchus
1114 1800 1154 1839 in
1174 1797 1360 1840 Themist.
1384 1797 1525 1837 Huns.

346 1858 440 1910 Pag.
466 1857 552 1897 106.
570 1857 595 1895 I.
647 1885 657 1895 .
676 1853 831 1895 Ἐπειέὴ
852 1853 1050 1902 {selo-ms)
1070 1853 1198 1895 Potest
1218 1853 1332 1893 etiam
1351 1852 1555 1904 interpun-
1604 1863 1621 1869 “

293 1912 334 1964 gi
359 1909 446 1965 post
472 1909 678 1957 ἐδείσατε,
698 1908 870 1949 tollendo
893 1909 966 1948 διε.
995 1918 1039 1948 ut
1063 1908 1104 1947 in
1127 1908 1224 1947 Var.
1243 1905 1328 1947 le&
1348 1905 1502 1947 Sum.

346 1965 441 2019 Pag.
471 1965 604 2016 107.J.
634 1959 770 2012 2.“”H)
797 1961 870 2003 Gr.
894 1958 955 2012 of,
974 1971 1020 2002 ut
1046 1974 1079 2002 c.
1107 1962 1190 2016 136.
1211 1962 1358 2001 WASS.

346 2022 422 2058 ead.
447 2019 471 2057 l.
503 2031 536 2071 3.
555 2013 635 2069 ’Ἆρ’
659 2014 759 2069 ἄξιοι
788 2014 925 2067 ἐσμὲν)
957 2016 1144 2068 Hermog.
1179 2015 1242 2054 lib.
1267 2014 1307 2055 ΙΙ
1334 2011 1420 2066 περὶ
1443 2009 1554 2052 issar
1598 2014 1622 2034 ³*

294 2084 376 2126 cap.
397 2071 420 2111 8
435 2103 447 2121 ‚
471 2084 494 2111 e
515 2072 722 2118 memoria,
753 2082 798 2110 ut
817 2080 937 2123 puto,
960 2065 1038 2123 {Epa
1055 2068 1155 2122 αξιοι
1177 2066 1361 2119 ἓοκοῦμεν
1386 2063 1494 2118 ὑμῖν,
1522 2063 1553 2108 εἷ
1576 2108 1589 2119 ,,
1614 2102 1615 2106 ,

295 2124 585 2176 Λακεδαιμόνιοι
596 2142 608 2174 3
630 2125 672 2165 &
691 2126 789 2165 inter
805 2123 981 2178 exempla
1003 2122 1213 2176 βαρύτητος
1230 2122 1417 2163 orationis
1430 2123 1554 2175 ponit.
1616 2142 1618 2146 >

349 2182 425 2219 ead.
450 2180 474 2218 l.
501 2193 537 2227 4.
566 2178 785 2227 Ξυνέσεως)
811 2177 871 2218 Cl.
900 2177 1000 2218 male
1033 2176 1103 2217 καὶ
1133 2175 1322 2230 ξυνέσεως.
1344 2175 1422 2217 vid.
1448 2177 1551 2217 Indi·
1594 2186 1608 2198 '

257 2267 261 2273 „
295 2244 393 2276 cem.
421 2234 567 2274 WAss.
587 2233 631 2273 &
650 2232 789 2272 Heilm.
811 2232 858 2271 ad
882 2231 919 2270 h.
940 2231 964 2272 l.
1612 2275 1614 2277 ,

352 2287 444 2340 Pag.
471 2285 557 2327 108.
580 2287 604 2325 l.
627 2287 663 2326 6.
683 2284 940 2338 Ἐξηγεῑσδε)
963 2284 1042 2325 Hic
1061 2297 1143 2337 quo
1171 2295 1223 2324 ue
1243 2281 1455 2336 ἐξηγεῖσῧε
1475 2283 1554 2337 pri·
1616 2287 1619 2295 ⁰

297 2353 367 2382 mo
387 2339 541 2395 aspecta
560 2339 682 2380 videri
704 2338 815 2393 poffit
838 2337 1059 2378 accusativo
1082 2297 1274 2389 iung‘tum:
1299 2337 1361 2377 sed
1382 2350 1464 2377 non
1483 2338 1553 2378 du·
1613 2345 1618 2348 '

295 2395 404 2436 bium
427 2393 505 2444 est,
562 2394 628 2433 uin
653 2393 713 2434 hic
746 2393 794 2432 ad
823 2392 1064 2452 participium
1093 2391 1431 2442 καταστησάμενοι
1455 2389 1553 2432 fera-

294 2460 381 2491 tur:
403 2459 448 2491 ut
477 2460 532 2504 po
559 2490 561 2493 ,
588 2445 789 2503 &rhytio-3⁶
815 2446 1065 2488 lubaudiatur
1086 2441 1222 2487 αὐτῶν.
1243 2444 1308 2487 Ad
1333 2457 1553 2500 pronomen
1606 2447 1608 2450 ’
