1670 3094
303 262 519 300 LXXXIV
578 265 583 269 ’

291 384 649 498 cARoL1
709 438 1146 498 ANDREAE
1209 439 1571 501 DUKERI

467 573 525 648 P
568 573 638 647 R
680 573 756 649 A
797 574 858 649 E
902 575 957 649 F
996 576 1072 651 A
1103 575 1241 652 TI
1275 575 1376 654 O.

771 770 1089 785 ———

299 865 481 962 Prion
494 933 548 963 ιτ
576 922 728 963 tandem
749 922 895 964 dudum
923 921 1104 979 promissa
1119 953 1133 973 ‚
1158 935 1205 964 ac
1242 923 1307 965 diu
1328 922 1543 979 exspthata
1553 936 1571 975 3

293 983 356 1026 sed
377 984 507 1025 multis
525 995 614 1026 ante
634 998 715 1030 non
731 985 920 1040 ,praevisis
943 988 1063 1029 moris
1078 999 1195 1042 atque
1213 987 1491 1043 impedimentis
1506 1001 1569 1028 re-

293 1045 463 1096 tardata,
488 1059 596 1087 nova
626 1046 721 1088 haec
751 1047 994 1101 Thucydidis
1019 1049 1159 1097 editio,
1183 1048 1232 1089 ad
1253 1050 1364 1091 cuius
1391 1050 1569 1091 notitiam

293 1121 395 1162 quae
416 1109 607 1161 pertinent
620 1140 633 1158 ,
651 1123 769 1163 quam
792 1121 933 1165 potero
966 1110 1187 1152 brevissime
1215 1123 1423 1167 exponam.
1450 1112 1568 1152 Nun-

292 1184 410 1224 quam
436 1171 528 1210 mihi
556 1171 705 1212 animus
728 1170 800 1212 fuit
822 1173 860 1212 in
896 1172 1001 1214 hunc
1030 1172 1256 1229 scriptorem
1281 1174 1425 1228 aliquid
1446 1174 1567 1214 medi-

292 1233 385 1281 tari,
407 1233 515 1287 quod
537 1232 691 1287 publice
714 1234 790 1288 legi
811 1233 956 1289 poffet,
973 1236 1107 1277 multo
1129 1236 1255 1277 minus
1272 1249 1362 1276 eum
1389 1234 1459 1276 sub
1475 1248 1567 1277 meo

291 1297 479 1345 nomine,
501 1295 609 1349 quod
646 1296 800 1349 quidam
825 1296 1056 1350 vulgarunt,
1079 1297 1202 1338 edere.
1227 1297 1379 1338 Noram
1399 1298 1501 1338 enim
1525 1298 1569 1339 &

294 1372 380 1406 me,
405 1359 448 1400 δι
470 1358 604 1408 illum,
626 1372 766 1412 meque
788 1372 838 1399 ex
863 1372 915 1400 eo
935 1372 1101 1401 numero
1122 1359 1196 1400 effe
1215 1358 1404 1410 sciebam,
1427 1361 1570 1415 quibus

291 1419 331 1460 se
359 1433 440 1460 non
466 1421 583 1466 βαπτὸν
606 1419 681 1460 effe
703 1418 827 1474 ipsum
846 1421 1034 1462 dicentem
1055 1420 1144 1462 facit
1167 1422 1251 1462 noti
1274 1422 1569 1476 Epigrammatis

292 1482 439 1523 Graeci
459 1481 598 1523 auftor
625 1485 755 1537 poeta.
776 1482 827 1523 Et
849 1496 1087 1538 quamquam
1107 1484 1146 1524 in
1175 1483 1277 1525 illius
1298 1483 1462 1525 lectione
1482 1498 1566 1526 non

292 1543 407 1598 plane
426 1542 563 1598 hospes
586 1556 692 1584 eram
705 1574 717 1593 ‚
734 1554 865 1584 tamen
883 1557 966 1584 non
983 1545 1035 1585 ita
1057 1558 1148 1586 eum
1168 1545 1352 1586 triveram
1364 1577 1377 1595 ,
1401 1559 1445 1586 ut
1465 1546 1567 1587 mul-

290 1609 340 1648 tis
372 1607 469 1648 locis
492 1606 724 1662 implicatam
751 1618 867 1661 atque
899 1607 1119 1648 involutam
1150 1607 1366 1652 verborum
1398 1607 1566 1650 structu-

243 1677 245 1679 '
291 1685 398 1720 ram,
431 1670 499 1718 δι,
519 1680 620 1724 quae
649 1683 738 1710 cum
764 1669 836 1710 hac
864 1670 1072 1711 coniuneta
1096 1670 1174 1721 est,
1196 1669 1403 1712 sententiae
1424 1671 1563 1714 obscu-

292 1736 465 1782 ritatem,
486 1734 674 1775 extricare
697 1735 740 1774 &
759 1734 910 1788 aperire
933 1734 1102 1789 poffem,
1125 1735 1168 1775 δι
1187 1733 1308 1774 multa
1334 1746 1359 1789 a
1384 1747 1564 1776 commu-

292 1799 334 1838 ni
358 1798 429 1838 usu
454 1798 666 1838 recedentia
680 1827 691 1846 ‚
713 1796 828 1850 eique
856 1797 1040 1851 propria,
1066 1793 1250 1850 loquendi
1278 1809 1420 1850 genera
1442 1809 1565 1851 nego-

291 1859 505 1900 tium'mihi
524 1872 605 1900 non
627 1857 859 1899 facefferent.
881 1858 954 1900 Sed
974 1858 1069 1900 vicit
1090 1857 1334 1913 propositum
1352 1870 1484 1898 meum
1505 1871 1565 1899 re-

291 1923 409 1976 petita
437 1923 691 1976 Wetsteniorum
722 1920 763 1961 δι
795 1921 922 1960 Smitlu’
952 1919 1218 1975 interpellatio.
1247 1918 1352 1959 Nam
1377 1932 1470 1960 cum
1493 1919 1562 1968 hi,

291 1985 393 2026 ultra
424 1985 583 2026 modum
613 1976 731 2026 aucto
765 1984 1044 2039 exemplarium
1077 1983 1255 2025 editionis
1290 1982 1563 2025 Hudsonianae

290 2049 443 2104 pretio,
468 2060 615 2087 novam
643 2046 744 2087 illius
763 2046 971 2088 editionem
999 2059 1090 2088 cum
1119 2045 1298 2087 virorum
1329 2043 1562 2086 doffiffimo-
1577 2052 1618 2107 ζ
1643 2088 1645 2090 ,

290 2124 382 2151 rum
410 2109 522 2148 Henr.
554 2108 748 2161 Stephani,
776 2109 829 2148 Io.
864 2109 1052 2162 Hudsbni,
1084 2108 1127 2149 &
1158 2106 1332 2148 nondum
1357 2106 1465 2147 editis
1490 2106 1560 2160 Ios:

294 2170 416 2223 Waffi
440 2169 854 2211 Animadverfionibus
878 2170 1106 2221 molientes,
1133 2181 1222 2210 ante
1260 2168 1411 2222 aliquot
1436 2181 1561 2209 annos

291 2231 340 2271 ad
366 2243 428 2271 me
447 2228 634 2270 venissent
647 2261 661 2278 ,
686 2242 891 2284 meamque
918 2230 967 2270 ad
990 2229 1089 2270 hanc
1114 2237 1206 2269 rem·
1221 2240 1380 2282 operam
1403 2226 1562 2282 expetis-

291 2292 393 2342 sent,
416 2290 510 2331 nihil
528 2301 613 2331 tum
631 2291 836 2345 impetrare
855 2304 879 2331 a
896 2304 958 2331 me
979 2301 1192 2346 potuerunt
1199 2304 1214 2339 3
1230 2288 1338 2344 quod
1357 2288 1450 2328 mihi
1470 2288 1560 2330 alie-

292 2353 352 2392 nis
373 2351 501 2407 operis
527 2350 767 2405 disponendis
788 2350 954 2391 multum
976 2350 1161 2404 temporis
1186 2362 1231 2389 ac
1261 2347 1405 2388 laboris
1426 2347 1561 2402 perde-

294 2426 338 2455 re
361 2426 440 2455 non
455 2411 623 2453 lubebat.
640 2411 813 2458 Deinde..
833 2410 1039 2452 interieffls
1061 2409 1325 2464 compluribus
1345 2406 1559 2458 mensibus,

293 2489 388 2517 cum
413 2473 637 2528 descriptam
660 2486 682 2514 e
702 2473 855 2514 duobus
875 2486 994 2513 manu
1016 2473 1181 2512 exaratis
1202 2469 1413 2511 Codicibus
1431 2469 1560 2510 varie-

295 2547 413 2578 tatem
440 2534 650 2591 scripturae
677 2534 778 2576 naffi
806 2535 947 2576 iterum
974 2533 1071 2574 idem
1103 2546 1127 2573 a
1148 2545 1210 2573 me
1243 2531 1460 2588 petiissent,
1487 2544 1560 2574 nec
