1670 3094
376 251 486 304 DE
527 248 1045 302 YHUCYDIDE.
1242 267 1358 306 rxv

89 362 200 415 Iun.
223 364 306 415 Or.
322 379 363 412 c.
382 366 438 422 6,
455 362 562 411 feci.
586 377 628 410 2.
648 362 756 424 quis
771 362 902 409 enim
916 398 932 421 ‚
954 378 1059 410 non
1077 362 1231 411 dicam
1255 378 1359 412 tan-

90 452 191 488 tam
217 439 473 487 memoriae
503 436 834 483 Demosthenis
864 435 966 482 vim
981 469 998 494 ‚
1028 435 1111 482 sed
1141 438 1244 499 quis
1273 438 1360 485 fibi

90 511 379 578 persuadeat,
395 510 594 556 unicum
607 519 795 555 tantum
809 509 1090 570 exemplum
1102 507 1236 556 fuiffe
1248 519 1361 573 ope-

90 585 151 632 ris
173 575 507 647 Thucydidei,
539 581 792 644 postquam
811 581 1041 646 Xenophon
1067 581 1213 629 semel
1240 583 1365 632 illud

40 709 43 718 Χ
90 652 317 702 hactenus
351 653 622 700 delitescens
640 686 657 711 ,
696 668 810 699 curn
847 653 1159 716 supprimere·
1178 656 1331 718 poffet
1346 693 1367 716 ‚

95 724 360 789 protuliffet
372 726 423 771 in
436 727 595 771 lucem
607 759 623 782 ‚
638 726 840 785 verique
856 725 1056 773 aufiioris
1071 729 1244 791 gloriae
1258 731 1366 777 vin-

96 797 308 856 dicaffet,
325 810 380 845 ut
396 797 538 844 refert
555 807 571 830 ¹
596 797 808 844 Laertius
821 797 925 845 Lib.
939 812 1006 856 11,
1026 799 1131 847 sest.
1146 818 1172 861 5
1183 817 1222 858 7.
1241 803 1369 850 Mar-

97 873 274 919 cellum
302 888 504 933 quoque
531 868 707 934 Syrum
737 871 879 918 tradit
904 872 1173 921 Damascius
1198 875 1249 922 in
1269 876 1369 923 vita

0 1014 4 1017 .
95 953 258 1000 lfidori
276 951 344 1013 (8c
370 964 430 998 ex
448 953 539 998 hoc
554 950 718 998 Suidas
738 950 788 996 in
805 939 1145 1012 Σαλλοῦστιος)
1163 951 1370 1015 integros

99 1024 210 1073 οᾶο
232 1022 531 1086 Thucydidis
558 1024 700 1070 libros
723 1023 981 1070 memoriae
1006 1021 1240 1068 mandafl'e
1255 1059 1268 1081 ,
1287 1023 1372 1071 sed

21 1116 29 1126 ⁸
102 1097 256 1146 nihilo
282 1097 530 1143 meliorem
564 1107 802 1142 oratorem
829 1095 942 1141 inde
972 1093 1204 1157 prodiiffe.
1231 1095 1374 1142 Cete-

99 1187 209 1219 rum
222 1169 500 1218 tralatitium
517 1170 604 1227 est,
626 1169 742 1215 olim
763 1167 999 1225 exstitisse,
1017 1171 1104 1229 qui
1121 1167 1372 1232 'Ibucydi-

100 1251 216 1298 dem
247 1260 478 1311 tanquam
516 1237 674 1292 κανὸνα
709 1238 783 1297 τοῦ,
801 1237 1082 1309 ’Arrana-pao&
1123 1245 1370 1310 &pressae

100 1322 339 1372 brevitatis
357 1321 626 1386 magistrum
646 1319 841 1376 imitati,
868 1319 961 1366 five
980 1331 1036 1365 ut
1054 1319 1292 1368 Ciceronis
1309 1323 1374 1370 de

101 1396 288 1458 optimo
307 1410 477 1458 genere
499 1404 742 1439 oratorum
758 1391 910 1437 verbis
936 1403 1064 1450 utar,
1091 1391 1375 1458 Thucydidios

98 1466 149 1514 fe
177 1465 362 1530 profesti
397 1465 531 1522 sunt,
560 1478 662 1510 non
688 1463 810 1510 inter
847 1475 1054 1510 oratores
1073 1476 1292 1526 tantum,
1311 1470 1374 1516 ab

101 1538 203 1602 ipso
226 1538 423 1585 Isocrate
444 1536 599 1598 usque,
610 1570 625 1594 ‚
647 1535 951 1599 Thucydidis
978 1553 1131 1600 prope
1159 1544 1376 1603 aequali,

102 1613 155 1659 in
173 1629 273 1674 quo
296 1612 448 1658 multa
474 1611 749 1658 communia
768 1628 880 1658 cum
893 1612 1185 1677 Thucydide
1217 1617 1377 1664 obser-

101 1697 219 1733 vant
242 1684 442 1732 eruditi:
479 1683 560 1730 sed
578 1699 638 1730 ex
663 1683 899 1730 Historicis
922 1685 1062 1732 etiam
1078 1722 1092 1744 ,
1121 1687 1173 1734 in
1198 1690 1376 1750 quibus

103 1757 309 1820 Philistus
321 1756 614 1814 Naucratim,
638 1772 790 1818 paene
806 1756 999 1819 pusillus
1014 1759 1328 1824 Thucydides
1348 1771 1372 1797 ²

104 1831 167 1878 ab
189 1829 362 1876 eodem
384 1829 612 1876 Cicerone
639 1831 899 1892 appellatus
925 1831 1030 1878 Lib.
1050 1845 1095 1879 11
1129 1835 1191 1880 ad
1213 1837 1374 1906 Quin·
1413 1846 1422 1855 ·

104 1913 214 1950 tum
245 1901 435 1949 fratrem
467 1903 604 1966 Epist.
636 1917 718 1953 123
749 1903 1047 1968 Thucydidis
1068 1907 1119 1953 in
1143 1907 1375 1958 brevitate

106 1975 173 2022 ita
195 1975 404 2021 imitator
418 2009 433 2032 ,
454 1986 509 2021 ut
537 1974 869 2021 obscuritatem
885 1976 1008 2022 illius
1030 1978 1231 2039 quidem
1259 1982 1374 2028 effu-

109 2057 241 2111 geret
254 2080 270 2105 ,
294 2047 345 2092 in
374 2047 535 2093 multis
552 2064 666 2094 vero
684 2048 780 2094 aliis
800 2048 1057 2096 virtutibus
1073 2050 1157 2098 illo
1184 2053 1377 2101 inferior

109 2117 219 2165 effet
232 2153 245 2176 ,
264 2118 537 2165 observante
559 2120 860 2188 Quintiliano
878 2121 982 2168 Lib.
1001 2135 1057 2181 x,
1076 2140 1113 2170 c.
1143 2138 1186 2183 1,
1205 2124 1377 2174 &Dio-

108 2189 240 2252 nyslo
263 2189 599 2236 Halicarnasseo
628 2191 832 2251 Epistola
863 2192 925 2238 ad
948 2193 1033 2238 Cn.
1053 2193 1341 2257 Pompeium
1361 2218 1373 2250 ;

108 2270 216 2308 tum
248 2261 540 2326 digressiones
574 2278 739 2308 omnes
764 2263 1084 2324 praecideret,
1111 2269 1249 2328 quod
1285 2285 1376 2315 no·-

169 2360 195 2399 1'
212 2359 388 2402 Laertius
409 2361 451 2401 in
473 2362 556 2402 vita
580 2363 712 2405 Xeno-
774 2363 821 2404 de
842 2363 1040 2407 Dodwelli
1067 2380 1115 2422 ap
1211 2381 1295 2411 tum
1328 2373 1377 2413 ad

111 2411 290 2468 phontis:
314 2416 482 2468 Λέγεται
504 2415 544 2455 S'
563 2416 622 2456 ’ότι
644 2417 711 2456 nai
773 2418 947 2460 Annales
959 2420 1109 2474 Thucy
1166 2438 1205 2477 p.
1227 2440 1276 2478 34
1299 2425 1377 2479 seq.

113 2469 168 2506 ’τὰ
177 2467 410 2508 Θουιυὲίέου
433 2470 561 2516 βιβλίι
574 2472 715 2511 Amea-
831 2486 852 2511 2
867 2473 1017 2515 Confer
1029 2476 1210 2516 Voffium
1222 2479 1268 2517 de
1278 2480 1375 2520 Hiit.

116 2534 229 2560 νοντα.
254 2517 457 2571 tierneo-5021
490 2523 710 2574 δυνάμενος,
774 2524 844 2565 Gr.
861 2541 897 2579 p.
915 2542 979 2579 27,
993 2529 1036 2568 δι
1050 2530 1308 2572 vavassorem
1329 2534 1377 2574 de

113 2567 234 2616 αὖτδς
252 2574 304 2615 εἰς
315 2573 436 2629 δόξαν
451 2575 616 2632 ἤγαγεν.
633 2578 713 2620 Ad-
774 2579 921 2623 ludicra
944 2583 1108 2623 dictione
1123 2598 1160 2636 p.
1182 2586 1268 2641 167.

170 2634 360 2692 Thucydid.
397 2639 478 2682 Vol.
502 2639 536 2684 1.
1110 2656 1135 2684 e
