1670 3094
400 197 511 277 D'E
559 225 1039 297 THUCYDJDE.
1203 242 1407 282 nou-11

128 310 364 398 Peucero,
387 339 574 387 Witeb.
604 340 741 398 1562.
767 339 809 384 8.
852 338 1087 385 Conversa
1113 341 1350 400 quaedam
1376 360 1408 390 e

127 411 429 475 Thucydidis
462 411 674 467 historia,
720 409 764 456 8c
800 410 863 456 de
900 407 1093 457 auclore
1126 411 1212 457 illo
1243 413 1407 474 deque

126 488 300 551 scriptis
317 487 416 534 eius
440 485 649 549 exposita
666 503 693 532 a
709 485 926 532 Ioaclzimo
951 484 1200 533 Camerario
1214 487 1405 535 Witeb.

29 607 35 615 ,
134 562 273 622 1565.
308 561 351 606 8.

190 633 350 678 Plures
378 631 609 677 orationes
623 630 926 693 Thucydidis
952 631 1003 677 in
1031 632 1246 697 linguam
1274 633 1405 685 Lati⁴

126 721 240 753 nam
271 704 521 751 conversae
541 720 626 764 per
644 705 850 749 Ioannem
870 703 1049 766 Casam,
1077 705 1405 768 Archiepisco⁴

123 796 246 843 pum
259 778 652 825 Beneventanum
662 810 677 833 ‚
691 776 907 822 Rostoch.
932 791 984 835 15
994 778 1069 837 84.
1086 780 1133 835 4.
1152 776 1195 823 Sc
1207 778 1404 826 Helmst.

132 851 269 899 1610.
286 868 330 908 4.
347 866 460 896 cum
481 849 670 910 praefat.
690 850 869 895 Ioannis
887 849 1060 911 Caselii.
1091 850 1153 896 Et
1170 850 1292 898 inter
1313 852 1404 898 Ca⁴

123 921 198 968 sae
215 919 383 967 Latina
412 932 752 976 monumenta,
780 921 983 966 florent.
1008 936 1143 980 1554.
1171 941 1212 982 4.
1240 923 1283 969 Sc
1303 924 1404 971 Ha*

123 995 197 1041 lae
225 993 331 1041 sax.
355 996 492 1047 1708.
522 1011 563 1054 4.
586 1010 699 1040 cum
724 994 1011 1055 ptaefatione
1035 996 1215 1044 Nicolai
1243 997 1406 1044 Hiero⁴

43 1122 47 1123 ⁷
125 1069 242 1131 nymi
263 1067 534 1128 Gundlingii.
569 1067 791 1127 Denique
816 1068 943 1114 inter
967 1085 1111 1130 opera
1129 1068 1266 1116 Casae
1290 1071 1401 1118 iun*

126 1140 241 1187 {tim
258 1141 424 1187 excusa
443 1141 705 1187 Florentiae
727 1154 862 1196 1707.
886 1158 929 1201 4.
950 1153 1066 1188 torn.
1087 1143 1256 1200 tertio,
1273 1143 1316 1190 8c
1332 1144 1402 1190 se-

126 1213 328 1275 paratim
346 1229 407 1259 ex
421 1213 584 1259 Caselii
603 1213 873 1260 recensione
885 1247 900 1271 ,
918 1226 1112 1262 curante
1128 1217 1192 1262 Io.
1206 1216 1407 1265 Henrico

128 1288 321 1336 Achero,
346 1288 486 1333 lenae
510 1301 646 1344 17¹4-
671 1287 714 1332 8.

189 1360 318 1405 Iobus
335 1375 535 1420 quoque
562 1358 759 1404 Veratius
777 1358 1060 1418 Genuenfis,
1086 1362 1173 1422 qui
1196 1361 1250 1409 A.
1278 1377 1332 1423 15
1344 1379 1362 1419 7
1376 1378 1404 1413 ι

131 1429 263 1476 diem
280 1430 399 1476 obiit
411 1465 425 1487 ,
444 1431 675 1476 orationes
692 1430 935 1491 pietasque
946 1432 1246 1495 Thucydidis
1263 1453 1399 1497 pere-

36 1542 52 1551 .,
127 1501 337 1564 legantes
364 1501 532 1548 Latine
554 1503 718 1559 vertit,
749 1514 915 1550 notato
946 1520 1227 1569 augumento
1252 1520 1404 1569 atque

124 1571 380 1621 Rhetorico
403 1575 613 1622 artificio.
644 1575 887 1623 Praetereo
922 1578 1184 1627 orationem
1214 1581 1406 1629 Periclis

126 1660 188 1690 ex
204 1645 325 1692 libro
343 1646 389 1692 11
402 1647 703 1710 Thucydidis
720 1648 888 1695 Latine
902 1649 1080 1697 versam
1098 1668 1124 1697 a
1145 1652 1264 1699 Guil.
1284 1654 1406 1700 Can-

31 1731 36 1751 2
129 1729 217 1765 tero
228 1754 244 1767 ,
255 1719 360 1780 post
369 1719 573 1766 Aristidis
593 1721 824 1768 orationes
835 1722 963 1770 Basil.
981 1739 999 1769 1
1009 1724 1115 1783 566..
1130 1725 1208 1772 fol.
1227 1744 1276 1788 p.
1290 1743 1316 1786 5
1325 1730 1403 1775 80.

194 1791 443 1837 Orationes
462 1793 761 1856 Thucydidis
779 1795 1022 1855 separatim
1048 1798 1242 1845 excusae
1258 1800 1408 1846 Grae-

19 1869 42 1923 'f
126 1876 213 1919 ce,
241 1861 420 1924 Lipsiae
451 1863 586 1924 1631.
622 1866 662 1910 8.
695 1877 889 1912 curante
918 1867 968 1912 in
995 1867 1103 1914 usus
1125 1870 1408 1930 auditorum

130 1933 327 1980 suorum
349 1935 523 1981 Andrea
549 1936 742 1982 Corvino.

197 2007 418 2054 Converfi
446 2009 649 2069 quidam
681 2009 900 2071 notisque
930 2011 1142 2059 illustrati
1167 2012 1280 2061 sunt
1307 2015 1405 2062 loci

0 2079 2 2128 Ῠ
71 2073 77 2075 Α
126 2079 322 2145 insignes
345 2097 373 2127 e
402 2081 700 2143 Thucydidis
732 2084 918 2130 historia
935 2119 949 2142 ,
978 2097 1033 2134 ut
1060 2088 1400 2147 prooemium,

0 2191 1 2197 ,
39 2182 46 2201 ι,
127 2153 389 2200 Conciones
417 2155 650 2216 quaedam
670 2155 711 2203 8c
733 2157 981 2220 descriptio
1008 2161 1296 2222 pestilentiae
1313 2197 1326 2219 ,
1358 2162 1405 2209 Sc

128 2225 189 2273 de
209 2223 399 2275 autiore
417 2229 515 2290 ipso
543 2228 585 2275 Sc
617 2230 713 2276 eius
740 2231 915 2294 scriptis
941 2233 1184 2282 observata
1209 2236 1404 2283 aloaclr.

0 2303 1 2323 ³
125 2297 387 2347 camerario.
417 2302 603 2350 Witeb.
638 2304 772 2363 1565.
794 2306 836 2350 8.

140 2421 146 2425 ,
188 2373 395 2419 Ioannem
423 2377 739 2441 Argyropulum
776 2377 968 2440 publice
1000 2379 1050 2424 in
1082 2379 1312 2426 Vaticano
1342 2379 1400 2424 li·

31 2480 42 2501 z
129 2441 244 2492 bros
264 2445 558 2509 Thucydidis
583 2449 900 2510 explicantem
922 2450 1072 2512 Xysto
1098 2452 1168 2496 111
1201 2450 1400 2498 Pontifi-

130 2531 212 2576 ce,
235 2519 498 2570 auscultaffe
526 2521 573 2568 se
604 2522 794 2570 testatur
814 2523 1012 2573 Ioannes
1031 2523 1332 2573 Reuchliuus.
