1670 3094
191 232 324 281 CAR
337 228 525 278 ANDR.
546 225 598 273 D
601 222 789 271 UKERI
796 218 1041 268 'PRAEFA
1050 218 1119 265 TI
1121 218 1170 264 0.
1205 225 1402 265 LXXXV

127 354 234 386 tana
257 339 340 396 spae
357 336 449 379 esset
477 333 593 376 nobis
622 331 776 387 copiam
796 328 953 371 Codicis
982 326 1086 368 MSti
1109 324 1311 367 Caffellani
1341 324 1400 365 fa-

131 404 239 446 &um
252 403 299 443 iri
313 433 327 451 ‚
349 401 392 441 δι
416 397 495 453 ipse
514 409 604 438 eum
617 427 630 445 ,
646 394 716 449 qui
734 393 773 433 in
790 390 1034 432 Bibliotheoe
1050 389 1168 429 huius
1189 387 1297 428 urbis
1320 386 1399 436 est,

124 467 347 508 admanum
366 461 573 508 haberem,
591 455 795 499 confilium
814 453 978 494 mutavi.
997 450 1207 506 Sperabam
1221 449 1347 498 enim,
1368 447 1399 488 fi

128 527 210 584 ipse
232 528 292 568 his
312 524 461 566 auxiliis
482 522 657 570 adiutus,
678 517 852 573 scriptori
876 514 1192 570 praestantiflimo
1204 544 1218 563 ‚
1237 524 1400 568 propter

126 590 346 632 tarditatem
370 585 516 641 ingenii
549 583 717 624 aliamve
747 578 977 635 imperitiam
991 609 1004 627 ‚
1028 576 1121 618 nihil
1144 576 1234 631 op'ss
1258 574 1400 616 afferre

130 644 721 708 poffem,metamenadoffis
747 644 792 684 δι
816 642 948 698 peritis
971 641 1110 682 harum
1136 637 1402 680 rerumaesti-

131 716 347 774 matoribus
363 713 525 768 gratiam
545 710 733 751 initurum
745 738 758 758 ,
772 705 839 760 qui
860 718 950 747 cum
972 704 1020 744 iis
1038 699 1373 745 communicassem
1385 731 1400 750 ‚

131 779 236 821 unde
258 776 500 826 meditando,
520 773 627 833 quod
655 783 733 826 ego
752 781 833 810 non
863 765 1089 823 potuissem,
1116 765 1371 806 extunderent
1385 793 1401 812 ,

0 904 1 915 γ
131 841 178 883 &
195 840 316 881 multa
334 841 376 880 in
394 838 499 878 libris
516 835 684 888 vulgatis
703 841 888 886 corrupta
909 843 955 871 ac
976 829 1185 883 depravata
1201 828 1241 866 in
1261 825 1400 866 melius

129 900 375 942 restituerent
405 909 524 952 atque
553 893 812 937 emendarent.
840 893 928 932 Hac
961 890 1180 945 praecipue·
1195 886 1282 941 spe,
1306 899 1399 927 cum

131 963 228 1006 mihi
247 964 288 1003 in
309 976 361 1004 eo
382 961 541 1017 publioe
560 958 620 999 rei
641 956 834 998 literariae
854 954 1000 995 utilitas
1018 950 1164 993 versari
1181 949 1399 996 videretur,

133 1037 218 1066 non
245 1037 384 1079 aegre,
407 1022 515 1077 quod
537 1031 629 1060 ante
658 1015 952 1065 recusaveram‚
972 1027 998 1054 a
1021 1026 1086 1054 me
1108 1010 1325 1066 impetrari,
1354 1010 1399 1050 δε

131 1099 281 1127 novam
302 1085 509 1126 editionem
536 1079 696 1123 curandi
723 1090 825 1119 onus
848 1077 940 1117 mihi
970 1074 1120 1130 imponi
1144 1071 1270 1128 passus
1288 1069 1399 1112 sum:

132 1149 244 1190 cuius
270 1147 516 1189 adornandae
547 1157 668 1199 quam
690 1142 879 1182 rationem
894 1138 1048 1180 secutus
1064 1137 1134 1177 fim
1147 1167 1160 1186 ‚
1178 1135 1400 1191 priusquam

130 1213 253 1254 dicam
268 1243 280 1262 ‚
302 1212 416 1252 brevi
444 1211 492 1251 de
518 1205 777 1255 aminiculis,
800 1204 945 1261 quibus
969 1202 1084 1244 nixus
1111 1213 1215 1259 opus
1244 1197 1401 1256 aggres-

131 1275 194 1317 sus
213 1274 296 1316 sum
308 1305 323 1323 ,
335 1286 545 1329 exponam.

187 1337 415 1387 Habebam,
435 1348 482 1377 ut
502 1334 579 1376 dixi
595 1365 607 1384 ,
630 1332 806 1388 lVetstenii
822 1330 864 1372 &
882 1329 1038 1370 Smimus
1051 1326 1254 1382 descriptas
1269 1337 1292 1366 e
1303 1324 1401 1366 duo-

35 1426 41 1435 ·
131 1400 209 1442 bus
227 1397 316 1439 Mff.
339 1398 468 1440 varias
489 1394 673 1437 leetiones
686 1424 699 1443 ‚
722 1393 847 1433 altero
870 1389 1138 1432 Bibliothecae
1160 1389 1287 1442 regiae
1298 1385 1403 1428 Pari-

130 1460 285 1511 fienfis,
315 1473 433 1515 quem
454 1459 509 1499 ob
543 1458 642 1498 hanc
667 1454 820 1497 causam
840 1455 984 1509 Regium
1011 1452 1181 1501 vocavi,
1202 1463 1294 1492 cum
1318 1460 1404 1503 quo

130 1523 251 1566 editio
272 1520 511 1565 Oxonienfis
533 1530 756 1575 comparata
795 1527 900 1566 erat,
921 1515 1044 1556 altero
1070 1511 1308 1560 Havnienfi‚
1339 1509 1404 1551 cui

134 1588 280 1628 Danico
308 1596 456 1626 nomen
488 1580 585 1630 feci,
610 1593 633 1622 e
653 1592 736 1635 quo
766 1578 829 1619 vir
851 1576 986 1619 clariss.
1007 1577 1153 1617 loannes
1176 1574 1374 1614 Grammlus
1387 1602 1401 1622 ‚

131 1647 288 1702 linguae
309 1646 483 1689 Graecae
502 1643 542 1683 in
565 1642 776 1684 Academia
796 1637 1008 1681 Havnienfi
1030 1635 1247 1684 Professor,
1267 1635 1405 1676 discre-

117 1720 290 1765 pantem
309 1708 360 1749 ab
386 1706 520 1748 eadem
543 1705 715 1747 editione
745 1703 972 1758 scripturam
994 1699 1159 1741 miserat.
1183 1697 1250 1738 De
1274 1697 1405 1750 Regio

133 1783 219 1812 non
236 1770 349 1812 aliam
371 1769 548 1809 notitiam
568 1767 810 1821 accepimus,
823 1778 940 1819 quam
960 1762 1035 1805 effe
1054 1761 1239 1804 Codicem
1257 1759 1406 1800 Biblio-

133 1832 269 1873 thecae
293 1831 420 1885 regiae
440 1843 480 1870 η.
502 1841 618 1884 3044.
638 1827 685 1868 In
704 1840 756 1868 eo
776 1825 941 1868 aoristos
961 1822 1246 1864 infinitivorum
1267 1820 1406 1860 inum

135 1892 212 1934 effe
237 1889 619 1948 properispomenos‚
641 1898 687 1928 ut
714 1885 945 1942 παροξῦναιη
976 1884 1035 1925 ὅτι
1062 1883 1211 1940 semper
1237 1880 1406 1936 separari

134 1969 160 1997 a
177 1954 416 2011 superlativis
436 1951 703 2008 sequentibus,
726 1951 769 1992 δι
795 1950 905 1991 scribi
924 1948 983 1990 ὅτι
1005 1946 1227 2002 τάχιστοι,
1247 1944 1306 1985 ὅτι
1323 1942 1407 1996 fale-

135 2028 280 2067 λιστεις
304 2013 465 2069 ἐπέχει
490 2014 532 2055 &
558 2010 839 2064 ἔσταιμίιλιστσι
872 2024 995 2052 unum
1024 2007 1267 2051 vocabulum
1289 2019 1407 2048 com-

133 2078 304 2136 positum
325 2077 470 2126 videri;
488 2075 634 2131 ubique
654 2074 764 2116 scribi
783 2073 881 2114 ἄλλό
914 2086 977 2122 τις
1003 2072 1106 2112 ὅπως
1124 2069 1271 2125 semper
1295 2067 1407 2109 futu-

134 2145 186 2184 το
209 2140 402 2182 indicativi
427 2139 561 2192 iungi3
588 2151 634 2179 ac
663 2137 827 2191 denique
850 2135 1011 2176 scribam
1036 2132 1249 2182 monuisse,
1272 2130 1406 2172 obser-

132 2203 262 2244 vanda
282 2202 357 2244 effe
379 2199 588 2250 nonnulla,
607 2210 655 2240 ut
673 2198 835 2252 ᾏκαζον,
858 2196 999 2247 &vena
1012 2226 1024 2245 ‚
1044 2196 1087 2238 δι
1108 2196 1184 2237 alia
1202 2194 1406 2250 quaedam.

52 2279 61 2292 ὲ
133 2263 201 2307 De
230 2263 389 2305 Danico
418 2263 512 2304 haec
544 2259 741 2315 scripserat
769 2260 860 2302 clar.
891 2260 1116 2308 Gmmmiusg
1152 2257 1253 2298 Eum
1282 2254 1406 2296 videri

134 2325 277 2366 lubere
296 2335 461 2365 aetatem
484 2334 746 2364 trecentorum
769 2334 959 2362 annorum
971 2349 984 2370 ,
1009 2318 1072 2361 sed
1092 2320 1133 2359 in
1154 2318 1284 2359 medio
1304 2317 1406 2356 libro

63 2437 67 2439 ,
134 2389 277 2443 quinto
296 2387 371 2429 effe
398 2388 619 2443 scripturam
648 2398 785 2426 manus
813 2384 931 2439 paulo
962 2383 1188 2424 recentioris
1212 2380 1333 2434 usque
1358 2379 1407 2418 ad

135 2448 264 2490 finem.
291 2450 445 2490 Emtum
467 2447 542 2489 effe
568 2448 744 2488 Venetiis
765 2459 870 2487 anno
897 2454 1166 2489 clolocxmx
1190 2456 1214 2482 a
1244 2442 1335 2479 viro
1364 2438 1407 2478 il-

53 2515 56 2519 ’
136 2508 242 2555 lustri
259 2512 460 2554 Frederico
479 2509 743 2568 Rostgaerdo,
768 2522 818 2551 ex
837 2507 966 2550 insulis
986 2507 1114 2548 Sicilia
1131 2505 1174 2545 &
1196 2502 1330 2543 Melite
1348 2511 1407 2540 re·

1094 2567 1160 2620 f3
