1670 3094
252 149 349 198 404
430 109 1320 185 'ANNOTATIONES

251 221 298 263 de
317 222 495 276 DoElrin.
518 224 658 276 Temp.
682 224 742 265 26.
770 224 843 266 Sed
871 225 952 266 vid.
977 238 1078 280 quae
1106 223 1287 267 adversus
1317 224 1417 268 hanc
1437 224 1521 267 sen-

250 277 411 318 tentiam
434 277 712 321 accuratiffime
737 277 900 334 disputat
923 292 1002 320 van
1024 278 1182 334 Alphen
1204 278 1306 320 Part.
1330 279 1415 328 111,
1432 293 1520 334 cap.

252 330 280 371 6
301 330 524 374 Comment.
544 333 585 372 in
603 331 782 373 Danielis
799 347 843 374 ca
873 364 882 373 .
907 348 944 385 9.
964 334 1098 374 Unum
1117 333 1194 374 hoc
1215 333 1334 374 addo:
1356 332 1386 374 fi
1407 334 1522 388 quid-

252 397 371 438 quam
399 386 483 426 veri
508 385 562 426 est
586 387 625 426 in
657 399 732 434 eo,
757 401 838 440 quo
888 387 934 428 de
955 386 1028 428 hac
1056 386 1239 441 epistola,
1260 400 1285 428 a
1303 387 1522 428 Themisto-

252 439 312 478 cle
346 439 395 479 ad
419 453 549 493 regem
571 439 770 480 Persarum
801 440 964 495 scripta,
989 442 1116 495 prodit
1144 441 1420 494 Thucydides,
1440 454 1524 482 non

252 492 423 546 potuiffe
445 507 536 535 eum
560 494 606 534 ad
626 495 795 534 Xerxem
817 493 985 544 veniffe3
1009 508 1101 536 nam
1123 495 1200 537 hoc
1222 508 1304 536 non
1322 496 1523 550 patiuntur

253 546 378 587 verba
394 546 456 588 illa
469 577 482 596 ,
500 546 582 588 ’ὅσον
604 548 737 601 χρόνον
762 550 825 588 τὶν
850 551 913 589 σὴν
938 549 1096 602 πωτέρω
1117 549 1276 590 ἐπιόντα.
1294 550 1373 602 ἐμοὶ
1396 549 1525 603 ἀνάγ-

253 613 297 649 κῃ
323 599 518 652 ἠμυνόμην.
541 600 816 654 Titucydidem
839 613 968 643 autem
985 602 1064 643 hoc
1085 603 1133 645 de
1158 601 1237 657 suoi
1257 615 1524 647 commentum

253 653 348 703 effe,
372 667 457 695 non
480 653 595 696 facile
619 656 802 709 cuiquam
827 656 898 697 erit
920 656 1131 698 ostendere.

311 712 387 748 ead.
413 710 437 750 l.
468 722 504 762 9.
530 709 792 761 Θεμιστοκλῆς
824 705 901 751 ἳᾶκω
935 710 1045 763 παρέω.
1070 710 1146 761 σε)
1171 709 1231 751 Ita
1251 710 1344 765 legit
1368 710 1526 752 Priscia-

254 763 625 859 ¹<¹2¹<¹511f¹23⁷1¹>11113ffiss¹
651 763 1106 870 lfffflffiiflfiaffssmff
1123 765 1312 860 3532?
1327 764 1527 873 {affl}

255 869 387 911 locum
421 870 619 924 diligenter
639 872 831 926 expendit.
850 872 966 912 Aem.
985 872 1156 914 Probum
1180 873 1222 913 in
1249 872 1389 915 Them.
1418 874 1529 914 Haec

256 923 339 967 fere
359 924 482 967 verba
492 925 650 981 usurpat
668 926 854 967 Libanius
865 925 1068 968 Demosth.
1082 925 1254 981 Apolog.
1272 928 1363 980 463.
1379 928 1530 967 WAss.

256 977 477 1019 Priscianus
497 980 608 1028 dicit,
629 979 805 1021 Graecos
823 979 936 1021 solita
952 981 1107 1021 licentia
1127 991 1279 1021 utentes
1300 979 1432 1023 verbis
1449 981 1527 1035 pri-

257 1045 345 1078 mae
373 1033 414 1076 δι
445 1032 636 1074 secundae
661 1033 847 1088 personae
878 1035 1113 1089 coniungere
1144 1037 1324 1084 nomina,
1351 1047 1442 1075 cum
1471 1045 1529 1075 ta-

258 1100 349 1131 men
370 1088 530 1131 nomina
541 1088 675 1130 tertiae
695 1087 878 1143 personae
904 1089 998 1139 fint,
1019 1101 1183 1142 eamque
1197 1089 1390 1129 licentiam
1410 1088 1527 1129 etiam

258 1141 419 1183 Latinos
449 1142 599 1185 imitari.
631 1141 687 1184 At
713 1142 916 1196 quomodo
948 1144 990 1185 in
1021 1143 1081 1183 his
1106 1142 1290 1197 loquendi
1324 1142 1530 1196 generibus

258 1196 420 1237 nomina
437 1194 592 1250 poffunt
608 1196 685 1238 dici
706 1198 842 1239 tertiae
868 1196 1055 1251 personae
1077 1195 1173 1244 effe,
1193 1209 1284 1238 cum
1303 1195 1382 1253 ipse
1403 1197 1530 1237 tradat

258 1250 300 1289 in
317 1250 374 1289 his
394 1250 577 1291 omnibus
598 1250 720 1292 deess’e
737 1253 851 1305 Ego?
876 1252 964 1292 Vid.
986 1250 1113 1291 Sana.
1142 1250 1311 1292 Minerv.
1330 1250 1371 1291 in
1394 1250 1530 1305 Ellipfi

258 1317 302 1345 v.
324 1304 429 1354 Ens,
451 1305 494 1348 &
516 1304 690 1347 Perizon.
714 1305 761 1347 ad
790 1304 916 1346 Sana.
938 1305 977 1355 Ι,
1002 1318 1075 1354 12,
1098 1320 1133 1345 2.
1158 1304 1266 1345 Idem
1286 1302 1532 1359 supplemen-

260 1368 347 1399 tum
370 1358 410 1398 in
433 1358 599 1399 Graecis
616 1359 750 1400 locum
776 1359 918 1409 habet,
942 1370 988 1399 ut
1010 1358 1074 1399 hic
1096 1357 1337 1401 Scholiastes.
1519 1382 1524 1387 ‹

317 1414 401 1452 ibid.
422 1412 494 1453 Ὃς
519 1415 626 1452 κακὰ
658 1412 766 1468 &c.)
795 1412 1078 1455 Themistocles
1101 1412 1204 1454 mala
1230 1411 1373 1454 fatetur
1396 1410 1439 1453 &
1463 1411 1532 1454 da-

261 1479 378 1515 mna,
400 1480 502 1520 quae
523 1466 642 1510 Perfis
663 1468 883 1517 invexerat3
907 1466 969 1507 sed
990 1480 1035 1508 ea
1051 1466 1331 1508 beneficiorum
1354 1478 1533 1507 comme-

263 1521 486 1561 moratione
508 1521 714 1563 obliterare
735 1532 874 1562 tentat:
892 1534 965 1563 nec
985 1519 1135 1562 frustra.
1152 1519 1336 1576 siquidem
1357 1519 1532 1561 laudabi-

259 1574 337 1616 lem
366 1575 469 1616 hunc
500 1589 650 1616 morem
682 1574 943 1626 observabant
967 1574 1124 1625 Persae,
1150 1585 1195 1616 ut
1222 1575 1419 1616 hominem
1445 1574 1532 1630 lege

261 1630 503 1671 mult-andum
513 1660 524 1677 ‚
545 1629 574 1669 fi
594 1629 779 1684 obsequia
795 1629 972 1684 praestita
988 1629 1099 1683 plura
1111 1628 1371 1684 compererint
1383 1659 1396 1678 ‚
1411 1641 1532 1683 quam

261 1694 420 1738 peccata
437 1683 631 1726 commissa
644 1715 656 1733 ‚
679 1683 864 1738 suffragiis
885 1683 1065 1724 omnibus
1087 1683 1302 1724 liberarent.
1324 1682 1429 1723 Vide
1447 1683 1546 1724 He?

262 1739 392 1779 rodot.
415 1737 440 1781 1.
469 1751 485 1777 1
505 1768 516 1787 ‚
536 1751 570 1779 c.
594 1751 679 1790 137.
697 1739 835 1779 Huns.
858 1737 950 1800 Yid.
973 1736 1127 1778 Herald.
1148 1735 1390 1798 {Adversa
1408 1750 1447 1791 9.
1470 1732 1535 1804 οῗτ

263 1791 978 1908 ἔΞὲὲίἝξέἵῖὠῗέζὲἕὲῖὠὲἓιῗὶ
999 1790 1536 1904 ἒέῑίἓᾶᾜὲῗιῗοέοἶῗ

264 1902 405 1955 Nepos,
429 1902 470 1941 in
493 1899 755 1944 Themistocle
776 1900 815 1942 ἐς
839 1902 901 1942 τὸν
924 1898 1095 1954 νμέτερον
1121 1902 1216 1942 aim
1248 1899 1392 1949 vertit,
1413 1899 1451 1938 in
1473 1902 1535 1939 do»

266 1972 357 1996 mum
381 1968 490 1994 tuam.

322 2010 416 2063 Pag.
445 2022 528 2061 194.
550 2009 576 2047 1.
606 2023 639 2049 1.
664 2009 734 2051 Tiar-
751 2005 826 2048 τᾶἱν
847 2006 1018 2062 ’γεφυρῶν
1041 2030 1086 2040 -
1111 2002 1152 2048 οὗ
1176 2005 1386 2056 sideman)
1413 2004 1538 2047 Thu-c

264 2063 423 2116 tydides
449 2064 492 2103 &
515 2063 599 2103 eius
620 2062 802 2117 exemplo
826 2063 889 2102 alii
917 2061 1028 2116 saepe
1054 2061 1283 2115 particulam
1310 2074 1336 2101 n
1385 2060 1535 2100 ativam

266 2126 513 2172 praeponunt
529 2115 785 2158 substantivis.
804 2115 865 2156 Sic
881 2112 900 2157 ἧ
919 2113 958 2156 οὗ
974 2117 1248 2169 περιτείχισις,
1265 2128 1319 2169 qu
1384 2127 1408 2155 e
1425 2113 1537 2154 Thu-

266 2171 406 2224 cydide
427 2169 540 2211 affert
565 2170 734 2210 Eustath.
757 2170 805 2210 ad
829 2171 992 2210 Homer.
1025 2169 1069 2210 11.
1096 2169 1146 2217 ά,
1213 2198 1221 2208 .
1257 2183 1326 2209 111
1347 2199 1363 2217 ,
1382 2180 1458 2223 pro
1485 2170 1534 2207 *rb

267 2226 505 2278 ἀτείχιστον
523 2254 535 2273 ,
561 2235 607 2264 ut
634 2224 697 2264 ille
724 2224 823 2264 dicit.
846 2222 960 2263 Rurs.
992 2183 1212 2276 Thucydid).
1238 2222 1296 2272 V,
1322 2234 1392 2275 50:
1420 2218 1439 2263 ἦ
1467 2215 1535 2261 οὔκ

268 2278 424 2332 ἐξουσίαι
444 2276 512 2319 τῆς
537 2277 780 2331 ἀγωνία-ἕως,
806 2277 912 2331 quod
938 2276 1070 2318 Schol.
1095 2276 1259 2331 exponit
1285 2277 1329 2316 τὶ
1349 2274 1404 2327 μὴ
1434 2272 1531 2326 ἐξεῖ-

267 2349 328 2375 νιιι
345 2332 609 2386 ἀγωνίζεσθαι.
632 2331 679 2371 Et
699 2331 870 2384 Euripid.
892 2330 1050 2384 Hippol.
1071 2343 1110 2371 v.
1136 2331 1209 2384 196
1231 2325 1296 2368 οὐκ
1316 2328 1535 2380 &adeletia-

271 2389 382 2428 Haec
414 2387 456 2428 &
488 2385 598 2441 plura
624 2385 738 2426 huius
763 2385 912 2439 generis
935 2394 1168 2425 annotarunt
1193 2382 1359 2436 Scaliger
1389 2382 1439 2423 ad
1456 2381 1537 2423 Ca,

269 2441 350 2485 tull.
375 2441 508 2487 Carm.
528 2439 655 2489 LXV,
675 2452 716 2483 v.
748 2439 771 2480 8
779 2450 818 2494 33
842 2437 1062 2482 casaubon.
1086 2437 1135 2482 ad
1154 2436 1324 2491 Dionys.
1354 2435 1449 2480 Hal.
1477 2435 1540 2484 X,
