1670 3094
307 200 398 247 190
593 181 1283 230 THUCYDID‘IS

302 282 431 343 σβεις
458 272 715 348 πέμψαντες
733 301 860 369 παρα
882 302 974 336 τους
997 278 1251 340 Ἀθηναίους,
1279 278 1566 348 ξυνεπητιωντο

301 380 381 409 και
399 378 464 408 τον
483 351 826 424 Θεμιστοκλέα,
854 356 909 412 ὡς
932 358 1110 428 εὕρισκον
1136 358 1184 407 ἐκ
1208 379 1286 408 των
1314 378 1407 430 περι
1429 357 1567 409 Παυ-

302 438 455 485 σανίαν
474 427 688 495 ἒλεγχων·
710 431 836 493 ηξίουν
854 453 901 483 τε
918 434 1002 490 τοῖς
1025 454 1164 490 αυτοις
1183 432 1466 496 κολάζεσθαι
1484 437 1567 485 αὐ-

299 510 379 562 τίν.
397 514 430 562 οἱ
453 499 519 562 de,
544 504 797 565 πεισθέντες
817 504 974 578 (ἔτυχε
994 530 1086 576 γαρ
1105 505 1466 597 ὡστρακισμένος,
1486 532 1566 562 και

663 574 679 592 Χ

298 583 411 650 ἔχων
440 584 602 635 διαιταν
632 605 708 654 μεν
735 586 771 635 ὲν
790 574 1012 673 Άργει,
1001 585 1229 648 επιφοιτων
1257 578 1302 637 δε
1326 608 1405 638 και
1432 588 1472 644 ἒς
1498 609 1568 647 την

300 662 446 721 ἄλλην
471 653 830 728 Πελοποννησον)
855 655 1079 730 πέμπουσι
1096 682 1215 729 μετα
1231 685 1310 714 των
1338 661 1568 714 Λακεδαι-

300 759 455 827 μονιων
467 736 636 806 ἑτοίμων
659 733 775 788 ὄντων
793 734 1038 798 ξυνὸιωκειν,
1060 735 1275 810 ἄνδρας
1233 761 1288 795 οις
1307 739 1427 811 εἴρητο
1443 736 1571 804 οἴγειν

300 814 406 866 ὅπου
427 806 479 864 αν
486 833 791 903 περιτυχωσιν.

377 881 510 963 ρλστΙ.
538 886 601 939 O
632 879 670 938 ὃ
661 909 679 939 ε
706 885 1016 959 Θεμιστοκλης
1033 887 1401 981 προαισθόμενος
1408 886 1568 955 φευγει

300 967 353 1018 ἐκ
371 961 724 1024 Πελοποννησον
714 985 754 1022 ες
772 955 1053 1037 Κέρκυραν,’
1024 987 1076 1016 ων
1099 963 1243 1016 αὐτων
1255 961 1491 1058 εὐεργέτης
1501 965 1570 1017 δε-

301 1039 426 1094 διεναι
449 1032 495 1092 δε
517 1039 771 1104 φασκᾶντων
788 1064 866 1092 των
885 1037 1192 1132 Κερκυραίωνν
1166 1063 1277 1104 εχειν
1297 1037 1441 1096 αὐτον,
1459 1039 1572 1093 ὥστε

300 1118 656 1212 Λακεδαιμονίοις
678 1139 756 1168 και
775 1117 997 1177 Αθηναιόις
1020 1114 1367 1181 απεχθεσθαι,
1373 1117 1570 1187 διακομί-

300 1197 454 1259 ξεται
436 1197 512 1246 υπ’
533 1191 668 1246 αὐτων
689 1195 729 1251 ἐς
742 1217 812 1254 την
832 1215 988 1267 ηπειρον
1004 1216 1074 1254 την
1092 1215 1362 1269 καταντικρυ.
1380 1217 1460 1246 και
1438 1191 1571 1246 ‹iico-

300 1358 446 1407 monii,
469 1356 604 1411 legatis
627 1356 676 1396 ad
693 1355 946 1397 Athenienses
969 1355 1085 1397 miffis
1098 1388 1110 1407 ,
1133 1321 1436 1399 Themistoclem
1456 1356 1571 1398 etiam

304 1426 640 1476 criminabantur,
661 1425 771 1480 quod
791 1425 833 1465 &
853 1424 931 1480 ipse
955 1439 1047 1466 cum
1075 1426 1203 1467 Medis
1223 1425 1410 1476 sensisset,
1432 1439 1570 1480 quem-

306 1497 516 1539 admodum
536 1495 677 1536 fecerat
693 1494 918 1545 Pausanias,
939 1507 984 1536 ut
1002 1509 1052 1536 ex
1066 1493 1272 1537 manifestis
1291 1495 1437 1537 indiciis
1456 1508 1574 1550 quae-

300 1569 461 1619 stionis,
484 1568 530 1608 de
551 1566 765 1608 Pausaniae
791 1566 1017 1607 criminibus
1039 1565 1213 1617 habitae,
1228 1577 1484 1622 ‚compertum
1507 1566 1573 1607 ha-

300 1639 468 1688 bebant3
494 1637 539 1678 &
562 1637 767 1693 petebant,
790 1646 835 1677 ut
865 1635 928 1677 ille
959 1635 1090 1677 iisdem
1120 1635 1316 1692 suppliciis
1346 1635 1574 1678 afficeretur.

300 1710 363 1751 Illi
380 1722 503 1759 vero,
526 1707 642 1749 fidem
663 1706 793 1750 verbis
816 1707 976 1749 illorum
1003 1707 1209 1758 habentes,
1229 1707 1332 1763 (iam
1347 1710 1452 1750 enim
1466 1706 1572 1751 The-

302 1773 495 1821 mistocles
507 1779 635 1834 patria
650 1791 720 1834 per
740 1778 1007 1820 ostracismum
1020 1777 1152 1834 pulsus
1172 1789 1276 1830 erat,
1291 1778 1335 1821 δι
1348 1779 1468 1835 Argis
1485 1781 1572 1836 qui-

302 1851 390 1891 dem
415 1849 637 1898 habitabat3
659 1847 722 1889 sed
742 1859 872 1890 tamen
887 1849 930 1890 &
950 1862 1019 1904 per
1043 1859 1190 1890 ceteras
1208 1847 1463 1905 Peloponnesi
1483 1862 1574 1906 par-

301 1927 361 1957 tes
374 1917 514 1958 crebro
531 1917 802 1972 commeabat)
815 1918 974 1958 mittunt
987 1931 1068 1959 una
1080 1931 1169 1959 cum
1181 1917 1510 1970 Lacedaemoniis,
1526 1918 1575 1960 ad

300 1987 412 2027 illum
429 1986 542 2029 simul
556 1987 862 2043 persequendum
883 1989 1049 2043 paratis,
1063 1986 1254 2042 quosdam
1270 2000 1359 2029 cum
1374 1987 1574 2040 mandatis,

302 2069 349 2098 ut
371 2071 461 2098 eum
483 2058 741 2108 adducerent,
760 2058 984 2113 ubicunque
1008 2068 1202 2099 terrarum
1225 2056 1544 2100 nanciscerentur.

357 2127 583 2168 CXXXVI.
601 2126 881 2169 Themistocles
902 2140 1003 2169 vero
1023 2139 1113 2168 cum
1127 2138 1209 2167 rem
1229 2124 1506 2182 praesensisset,
1519 2140 1570 2168 ex

299 2196 573 2253 Peloponneso
592 2198 632 2238 in
654 2198 877 2250 Corcyram
908 2196 1081 2252 profugit
1094 2227 1106 2246 ‚
1131 2195 1238 2250 quod
1263 2194 1310 2236 de
1335 2193 1571 2249 Corcyraeis

304 2267 406 2308 bene
426 2266 586 2306 meritus
607 2265 708 2306 esset.
731 2266 804 2307 Sed
824 2279 915 2307 cum
936 2264 990 2304 illi
1010 2265 1200 2314 dicerent,
1218 2261 1257 2304 se
1278 2263 1428 2312 vereri,
1447 2276 1520 2314 ne,
1541 2262 1571 2304 fi

301 2334 427 2391 ipsum
457 2333 561 2390 apud
581 2333 619 2375 se
641 2336 874 2384 retinerent,
898 2335 937 2374 in
960 2331 1357 2375 Lacedaemoniorum
1381 2331 1425 2372 δι
1447 2331 1571 2374 Athe-

303 2403 495 2446 nienfium
521 2403 655 2446 odium
682 2417 729 2445 ac
758 2403 978 2444 inimicitias
1007 2403 1268 2451 incurrerent3
1291 2402 1330 2442 in
1353 2401 1570 2458 oppositam

307 2470 572 2514 continentem
592 2470 642 2512 ab
664 2470 754 2527 ipsis
774 2471 988 2514 deducitur.
1012 2471 1061 2514 Et
1080 2470 1368 2527 insequentibus
1389 2471 1435 2513 iis
1447 2501 1460 2521 ,
1481 2471 1570 2525 qui-
