1670 3094
389 229 493 277 IN
556 218 971 275 LIBRUM
1033 227 1072 274 1.
1280 222 1377 291 307'

95 331 188 370 rus,
210 317 357 372 ἒρίικων
377 316 442 357 ἐπὶ
458 314 563 358 ’ὅτι
579 313 765 364 saecular.
782 312 922 368 virgil.
955 316 1065 368 Terga
1087 314 1190 354 dabo.
1210 314 1379 356 Terent.

96 375 264 414 Cervices.
293 369 453 413 Gloffae
480 380 691 423 utrumque
727 370 820 417 vix,
854 369 897 408 &
930 370 997 408 vix
1028 369 1167 408 tandem
1195 368 1373 410 reddunt.

97 427 191 480 Qui
197 426 324 521 ἔξω
342 425 453 479 cupis
467 423 525 485 de·
538 436 642 464 vooe
659 421 796 474 μόλις,
820 422 934 463 adens
962 421 1092 463 Schol.
1123 421 1310 463 Nicandri
1337 437 1381 477 p.

99 495 187 576 0⁷13
206 534 256 574 aa
272 478 475 586 fflgffflhf
473 477 548 580 ⁴⁶¹¹?
537 474 1382 585 sEfiSff‘iCesseffsssffsste'pffiffl‘ffsfffi

99 586 169 629 De
186 588 309 641 μόγις
328 585 456 628 Schol.
476 585 651 640 Oppiani
674 584 723 625 ad
745 585 800 635 αι’,
822 598 910 640 ςςο.
929 585 1085 626 Verum
1104 583 1381 626 Grammaticis

102 641 274 695 οἰμῶζειν
294 641 412 694 λέγω.
437 641 585 680 WAss.

156 697 231 735 ead.
251 695 276 734 1.
304 694 343 734 8.
371 693 442 733 Καὶ
468 689 593 734 οὐκέτι
616 691 880 747 ἀνισταμένη)
899 693 959 734 Ut
975 692 1039 735 hic
1056 691 1144 748 post
1165 690 1382 746 ἥσυχάσοο-

104 764 160 791 σοι
191 746 355 796 βεβαίοις
372 778 385 797 ,
420 746 614 802 subiungit
643 747 711 786 καὶ
743 743 869 788 οὐκέτι
905 747 1162 799 &unqu-{ruz
1196 745 1250 788 fic
1276 745 1383 802 post-

102 816 223 858 quam
250 802 364 842 initio
398 801 518 842 huius
546 800 739 856 prooemii
760 801 830 855 (id
854 800 932 850 est,
961 813 1044 841 non
1063 801 1202 855 procul
1225 800 1274 841 ab
1300 801 1385 842 eius

137 856 333 911 rincipio)
355 855 449 895 dixit
479 855 527 896 de
546 856 734 904 Graecia,
759 850 798 895 οὗ
828 854 963 910 σέλαι
990 854 1151 902 βεβαίως
1169 855 1387 906 οἰκουμένη,

107 871 328 964 ἳιὼὶυηςὶῐ,
340 910 449 949 ἀλλὰ,
464 910 780 960 μεταναστάσεις
795 924 840 948 τε
854 910 965 949 οὖσαι
977 906 1213 964 πικρότεροι.
1231 909 1386 951 Smn-

161 967 236 1005 ead.
259 965 285 1004 Ι.
305 978 343 1018 9.
371 963 442 1004 Καὶ
454 964 588 1003 Ἴωνας
628 963 726 1004 Eam
748 962 864 1003 Afiae
876 974 1031 1056 ffiem
1045 994 1058 1012 ,
1076 976 1178 1017 quae
1191 962 1304 1003 Ionia
1321 976 1388 1018 ap-

160 1019 274 1059 llatur
285 1049 298 1068 ‚
317 1017 512 1058 coloniam
526 1017 582 1057 At
608 1015 818 1058 enienfium
834 1016 875 1057 fa
996 1015 1251 1066 effe,docent
1269 1017 1387 1058 etiam

157 1072 365 1167 egodlqtus,
390 1071 553 1126 aliique,
583 1084 686 1127 quos
717 1069 831 1111 affert
852 1070 1046 1112 Meurfius
1077 1071 1126 1111 de
1156 1070 1263 1112 Fort.
1290 1070 1388 1113 Ath.

110 1139 146 1168 c.
196 1156 208 1167 .
280 1137 377 1166 uns.

167 1179 261 1234 Pag.
285 1193 347 1219 22.
369 1179 394 1218 l.
417 1192 454 1228 4.
473 1179 559 1219 Ἐπὶ
582 1177 707 1233 ῥητοῖς
727 1179 889 1233 γέρασι)
917 1180 1011 1221 Hoc
1033 1193 1083 1220 ex
1138 1188 1236 1220 nunt
1253 1178 1296 1219 St
1346 1179 1390 1221 h.·

113 1233 164 1274 ad
185 1233 317 1274 Schol.
342 1233 548 1288 Spanhem.
570 1234 617 1273 ad
631 1233 766 1274 Iulian.
786 1233 954 1282 Orat.1,
971 1248 1010 1289 p.
1034 1247 1077 1273 12
1118 1264 1132 1283 ‚
1147 1233 1189 1274 δι
1208 1233 1289 1274 Bos
1346 1234 1389 1274 b-

111 1286 214 1328 serv.
247 1286 380 1328 Critic.
407 1299 442 1327 c.
469 1301 488 1341 3
507 1301 520 1336 ;
542 1287 609 1328 ubi
633 1287 674 1327 in
695 1286 822 1328 Schol.
850 1286 1050 1342 Aristoph.
1083 1287 1132 1327 ad
1156 1286 1327 1328 Acharn.
1347 1302 1392 1329 v.

111 1342 164 1383 61
195 1353 269 1396 pro
291 1341 357 1382 ἐπὶ
391 1340 516 1395 ῥητοῖς
539 1341 668 1387 λαβὼν
697 1342 839 1395 πέρασι
854 1372 868 1390 ,
894 1340 997 1382 reae
1027 1341 1206 1382 emendat
1229 1341 1388 1395 γέρασι.

113 1391 190 1436 Sed
212 1395 290 1436 hoc
308 1406 553 1450 praeceperat
578 1394 732 1436 Kuster.
760 1396 809 1435 ad
835 1395 939 1436 Suid.
966 1396 1007 1436 in
1029 1394 1227 1442 βασιλεύς·
1252 1408 1391 1449 quam-

113 1461 235 1543 quam
262 1449 439 1490 nonnihil
461 1449 508 1489 de
534 1449 607 1491 hac
627 1450 897 1491 emendatione
919 1449 1126 1500 dubitans,
1148 1461 1271 1504 quae,
1302 1461 1391 1490 mea

129 1503 321 1553 emenda,
342 1514 445 1544 certa
471 1502 538 1543 est.

60 1565 64 1572 ’
167 1560 244 1598 ead.
266 1558 292 1599 l.
311 1570 350 1606 7.
372 1556 692 1611 Μεταχειρίσαι)
715 1557 852 1598 Suidas
883 1557 922 1598 in
949 1557 989 1598 h.
1014 1571 1054 1598 v.
1088 1556 1219 1598 Schol.
1249 1555 1391 1598 scrinia

115 1610 354 1666 compilavit.
376 1612 522 1651 WAss.
556 1612 607 1651 H.
638 1612 768 1673 Steph.
802 1611 1046 1667 reprehendit
1070 1610 1298 1652 Scholiastae
1331 1612 1391 1652 in—

116 1666 435 1719 terpretationem
467 1664 583 1706 huius
611 1666 734 1706 verbi.
763 1665 836 1706 Sed
861 1664 1019 1706 Salmas.
1050 1665 1097 1705 de
1129 1665 1239 1706 Mod.
1271 1663 1389 1707 Usus.

118 1718 1392 1815 Ξὲῃζῖιῑρῗῖᾉῗῗέῗνξῖψὲἷῗἰυῗέῗέἒέῗῗὲοξφῶῗῗοῗὲῗ

121 1826 206 1876 bit,
233 1837 348 1867 antea
366 1825 458 1867 solis
480 1827 823 1881 quinqueremibus
853 1827 946 1868 usos
967 1826 1078 1867 fuifl‘e
1141 1787 1287 1868 raec9iae
1317 1841 1394 1882 po-

122 1881 261 1936 pulos,
280 1893 444 1934 eumque
473 1882 661 1922 rationem
682 1879 845 1921 mutaffe
867 1880 1098 1922 Corinthios
1122 1879 1300 1922 institutis
1326 1883 1393 1923 tri-

122 1934 295 1975 remibus
313 1947 388 1990 pro
409 1935 778 1990 quinqueremibus,
802 1946 849 1975 ut
870 1935 932 1976 hic
952 1933 1082 1975 Schol.

179 1989 264 2028 ibid.
290 1989 360 2028 Ka.)
394 1989 577 2043 τριήρεις)
610 1989 713 2030 Vide
744 1988 926 2042 scaligeri
950 1988 1318 2032 Animadverfiones
1343 1988 1394 2031 ad

124 2040 278 2085 Eusebii
305 2041 456 2083 Chron.
474 2057 512 2098 p.
542 2043 606 2084 61.
630 2044 766 2083 Huns.

197 2100 273 2136 ead.
301 2097 326 2136 l.
360 2111 398 2148 9.
426 2095 689 2148 Ἀμεινοκλῆς)
723 2096 785 2136 lta
815 2094 902 2136 Mff.
936 2095 980 2136 &
1007 2096 1250 2138 Themistius
1275 2097 1392 2140 Orat.

126 2149 277 2191 XXVI.
300 2149 555 2191 Amenoclem
582 2161 701 2191 vocat
732 2150 827 2190 Plin.
853 2150 904 2190 N.
931 2150 985 2190 H.
1012 2150 1114 2201 VII,
1150 2151 1211 2213 5⁶·
1244 2151 1396 2193 Confer

128 2202 323 2244 Herodot.
345 2203 388 2252 1,
414 2205 500 2255 163.
522 2204 668 2244 WAss.
689 2204 832 2245 Plinius
857 2203 1041 2255 aufiore,
1059 2215 1105 2246 ut
1128 2215 1201 2253 ait,
1229 2206 1399 2260 Thucy-

128 2254 215 2297 dide
234 2256 382 2308 scribit,
405 2257 648 2299 Aminoclem
671 2259 838 2313 primum
859 2259 1058 2300 triremem
1078 2258 1284 2301 inffituiffe.
1310 2261 1396 2301 Ve-

130 2319 222 2372 rum
389 2313 492 2353 dides
522 2325 547 2352 a
574 2311 792 2353 Corinthiis
826 2312 981 2366 quidem
1014 2314 1191 2354 triremes
1225 2315 1398 2369 primum

132 2374 310 2405 inventas
378 2379 402 2407 e
418 2366 531 2417 dicit,
550 2365 615 2407 sed
636 2365 881 2407 Aminoclem
898 2380 1032 2408 eurum
1050 2368 1295 2408 inventorem
1315 2379 1400 2408 non

135 2415 240 2457 ficit.
263 2417 415 2461 Salmas.
444 2421 493 2460 ad
514 2420 581 2461 lus
611 2420 732 2462 Attic.
760 2421 805 2461 δι
828 2421 948 2462 Rom.
970 2435 1010 2477 p.
1033 2422 1135 2476 6933
1158 2421 1229 2461 ubi
1254 2421 1296 2461 δι
1321 2420 1396 2462 alia

61 2519 72 2532 ο
135 2471 218 2514 vid.
243 2470 321 2513 huc
346 2475 585 2528 pertinentia.

190 2528 266 2569 ead.
285 2526 314 2570 Ι.
340 2539 401 2571 12.
423 2528 711 2585 Παλαιπάτιι)
741 2528 916 2586 Quidam
942 2527 1031 2573 ΜΠ.
1063 2527 1109 2623 ξι
1133 2527 1223 2623 ²edd.
1248 2532 1401 2583 πολέα,-
