1670 3094
278 213 342 248 IV
573 197 1268 247 THUCYDIDIS

280 294 446 360 λογων,
476 316 555 345 και
591 293 798 387 ακριβεία
831 314 1133 365 πραγματων,
1164 315 1242 345 και
1274 297 1547 366 στρατηγία,

281 377 360 424 καὶ
377 371 676 457 συμβουλαῖς,
700 390 778 419 και
793 371 1107 458 πανηγυρικαῖς
1129 366 1380 421 ὑποθέσεσιν
1402 374 1549 434 αναγ-

280 451 398 501 καῖον
420 439 465 498 ὃε
465 469 638 537 πρωτον
662 447 790 496 εἱπειν
816 468 887 497 του
913 439 1051 516 ἀνδρος
1073 466 1150 495 και
1172 468 1234 496 το
1230 442 1358 509 γένος
1381 468 1460 497 και
1487 469 1553 498 τον

281 526 386 586 βιον.
410 546 488 595 προ
515 544 608 590 ’γαρ
627 544 704 572 των
731 519 876 585 λογων
901 520 1048 572 ταῦτα
1073 518 1311 584 ἐξεταστέον
1335 545 1419 579 τοις
1447 531 1552 593 φρο-

277 600 392 653 vasso-a
406 611 577 655 καλως.
599 596 855 656 Θουκυδίδης
875 602 996 648 τοίνυν
1015 599 1034 647 ὁ
1057 606 1350 685 συγγραψευς
1368 597 1552 689 Ὀλόρου

282 698 359 748 μεν
376 673 554 748 προηλθε
572 695 752 745 πατρος,
778 695 846 733 την
865 674 1103 743 ἐπωνυμίαν
1123 695 1283 735 εχοντος
1299 668 1391 724 οἱπο
1409 671 1553 725 Ὀλί-

283 776 348 826 ρου
374 775 445 803 του
468 748 659 836 Θρακων
677 743 925 810 βασιλεως,
953 771 1030 800 και
1054 771 1204 821 μην-ρος
1227 747 1550 813 Ηγηο-ιπύλης·

283 827 494 891 απογονος
516 818 562 876 δε
586 847 663 876 των
688 823 1029 893 εὐδοκιμωτάτων
1053 845 1350 913 στρατηγων,
1353 823 1476 890 λεγω
1503 819 1553 886 δη

279 928 362 955 των
382 924 476 974 περι
503 899 753 961 Μιλτιαὸην
772 923 850 951 και
877 900 1077 970 Κίμωνα.
1107 904 1286 970 ᾠκείωτο
1313 892 1395 952 δε
1384 924 1434 953 εκ
1457 924 1553 952 πα-

283 979 412 1032 λαιοῧ
438 1002 499 1049 τῳ
528 973 636 1042 γὲνει
661 999 762 1048 προς
788 972 1091 1036 Μιλτιαὸην
1059 984 1123 1027 τον
1148 998 1413 1068 στρατηγον.
1427 1002 1487 1049 τῳ
1465 969 1554 1029 δε

284 1053 538 1120 ΒῙιλτιαὸῃ,
557 1076 656 1137 προς
675 1047 887 1103 Αἱακον
854 1075 918 1103 τον
936 1051 1056 1109 Δίος.
1078 1075 1204 1108 ουτως
1226 1048 1413 1115 αὐχεῖ
1373 1077 1419 1104 το
1436 1051 1554 1119 ’γένος
1590 1104 1594 1108 .

285 1136 304 1182 ὁ
326 1138 618 1201 συγγραφεὺς
647 1127 807 1180 ἀνωθεν
837 1149 915 1178 και
939 1151 1092 1185 τουτοις
1118 1127 1309 1198 Δίδυμος
1333 1132 1553 1220 μαρτυρεῖ,

287 1205 549 1278 Φερεκύδην’
539 1226 575 1257 εν
596 1207 646 1269 τῇ
661 1203 803 1280 πρά-τη
830 1226 907 1254 των
927 1202 1102 1276 ἱστοριων
1122 1202 1311 1267 φασκων
1330 1201 1455 1263 οὕτως
1476 1201 1553 1258 λέ-

285 1297 387 1349 γειν’
417 1283 616 1339 Φιλαίας
642 1271 725 1331 ὃε
710 1292 728 1330 ο
758 1279 933 1337 Αἱαντος
958 1282 1066 1331 οἰκεῖ
1085 1281 1122 1330 ἒν
1149 1283 1244 1338 ταῖς
1274 1278 1475 1342 Ἀθηναις.
1505 1283 1556 1334 ἐκ

284 1440 390 1481 enim
415 1439 477 1480 vir
497 1437 537 1478 δι
558 1447 640 1477 arte
652 1467 664 1486 ‚
687 1435 729 1477 δι
749 1435 979 1476 orationum
991 1435 1302 1491 pulchritudine,
1316 1436 1359 1478 &
1379 1449 1558 1477 accurata
1622 1436 1624 1438 ’

283 1523 415 1550 rerum
431 1507 593 1555 notitia,
621 1506 664 1546 δι
688 1505 880 1545 exercitus
900 1503 1081 1545 ductandi
1106 1502 1259 1544 scientia
1284 1503 1405 1559 pollet
1419 1535 1431 1554 ,
1451 1504 1493 1545 δι
1515 1505 1557 1545 in
1583 1503 1586 1507 ’

281 1581 537 1623 deliberativo
563 1578 603 1619 δι
627 1576 936 1618 demonstrativo
956 1576 1105 1623 dicendi
1127 1589 1269 1633 genere
1293 1577 1458 1619 excellit.
1484 1578 1559 1619 Sed

282 1652 406 1692 vitam
429 1650 471 1690 &
496 1661 617 1702 genus
643 1646 812 1687 hominis
837 1646 1008 1701 primum
1031 1646 1226 1688 declarare
1248 1647 1304 1688 est
1325 1647 1484 1690 necess'e.
1508 1649 1560 1689 11-

283 1718 332 1760 lis
357 1716 479 1767 en'im,
502 1717 568 1771 qui
590 1716 636 1757 de
661 1715 777 1756 rebus
797 1714 897 1755 bene
923 1712 1115 1766 sentiunt,
1129 1726 1338 1770 antequam
1350 1717 1398 1758 ad
1420 1715 1560 1772 scripta

283 1789 467 1831 accedant
481 1819 493 1838 ,
525 1787 622 1828 haec
653 1785 742 1849 sunt
769 1786 1007 1840 inquirenda.
1046 1786 1298 1840 Thucydides
1324 1788 1463 1842 igitur,
1497 1787 1561 1830 ille

285 1859 532 1900 historiarum
570 1855 737 1910 scriptor
751 1887 764 1906 ,
800 1868 851 1896 ex
874 1866 983 1910 patre
1014 1856 1170 1910 quidem
1194 1855 1325 1897 Oloro
1339 1887 1353 1907 ‚
1391 1856 1485 1910 (qui
1510 1855 1561 1896 ab

233 1963 237 1969 .
283 1929 416 1970 Oloro
436 1928 635 1969 Thracum
656 1938 747 1980 rege
773 1939 919 1967 nomen
942 1925 1167 1981 impositum
1191 1925 1387 1976 habebat)
1406 1939 1456 1967 ex
1475 1939 1558 1967 ma-

283 2013 344 2042 tre
370 2013 470 2042 vero
495 1998 734 2054 Hegefipyla
761 1997 816 2039 est
841 2009 1078 2053 procreatus.
1109 1999 1248 2039 Traxit
1272 2009 1402 2040 autem
1437 2011 1560 2054 genus

285 2086 309 2112 a
329 2069 567 2112 nobilissimis
593 2068 752 2109 ducibus
766 2099 778 2118 ‚
804 2068 1020 2110 Miltiadem
1046 2069 1088 2110 δε
1113 2069 1321 2111 Cimonem
1347 2069 1450 2110 dico.
1475 2068 1558 2111 An-

284 2143 446 2197 tiquitus
474 2141 576 2181 enim
609 2152 699 2180 cum
718 2138 896 2194 ¹Miltiade
922 2139 1215 2192 Atheniensium
1243 2139 1367 2189 duce,
1394 2139 1436 2181 δι
1462 2153 1557 2194 pro-

283 2223 371 2266 pter
382 2209 562 2251 Miltiadis
578 2221 699 2262 genus
713 2239 725 2259 ‚
751 2222 843 2250 cum
872 2207 954 2263 ipso
966 2208 1127 2259 Aeaco,
1142 2208 1250 2249 Iovis
1275 2207 1361 2249 filio
1376 2239 1389 2258 ,
1414 2222 1558 2264 cogna-

278 2282 394 2324 tione
417 2279 651 2322 coniunchls
672 2289 765 2319 erat.
794 2277 907 2319 Adeo
934 2277 1142 2318 illustribus
1169 2276 1383 2318 maioribus
1404 2277 1558 2319 histori-

273 2367 358 2399 ¹cus
375 2352 442 2393 iste
467 2350 507 2392 se
528 2360 662 2390 natum
685 2348 886 2403 gloriatur.
907 2348 1041 2403 Atque
1066 2348 1266 2402 Didymus
1290 2347 1385 2390 haec
1407 2348 1556 2390 suo.te-

288 2422 470 2463 stimonio
498 2419 703 2462 confirmat
716 2452 728 2470 ‚
749 2420 816 2474 qui
842 2420 954 2460 tradit
967 2449 979 2467 ,
995 2419 1257 2471 Pherecydem
1283 2419 1411 2473 primo
1436 2417 1555 2458 histo-

286 2491 435 2534 riarum
457 2488 560 2531 libro
577 2489 629 2531 ita
648 2487 809 2531 scrihere
824 2505 832 2529 ε
847 2488 1000 2530 Athenis
1024 2488 1198 2531 habitavit
1215 2487 1384 2527 Philaeas
1396 2516 1409 2537 ,
1426 2486 1553 2527 Aiacis
