1670 3094
280 225 384 261 xvt
580 215 1269 263 THUCYDIDIS

279 303 510 372 ταφέντων.
535 308 725 380 Δίδυμος
747 309 789 359 δ’
808 311 845 360 ὲν
864 307 1072 370 Ἀθήναις,
1094 307 1186 362 ἀπὶ
1205 310 1275 374 τῇς
1296 311 1444 378 φυγῆς
1470 315 1547 366 ἑλ-

278 386 420 441 θοντα,
441 387 580 456 βιαίῳ
602 385 794 456 θανάτῳ
818 385 947 449 φησιν
965 390 1197 441 αποθανειν.
1224 412 1342 441 τουτο
1367 389 1411 441 δε
1435 400 1549 452 φησι

279 462 523 554 Ζωπυρον(
510 484 686 534 ιστορειν.
725 486 817 520 τους
841 485 935 530 γαο
963 463 1194 522 Ἀθηναίους
1221 463 1390 518 κάθοδον
1420 466 1548 518 δεδω-

278 534 396 591 κέναι
422 562 504 596 τοις
531 538 738 628 ΙΦυγοίστ,
767 531 884 600 πλην
911 563 988 590 των
1013 539 1398 623 Πεισιστρατιὸων,
1428 564 1550 612 μετα

279 639 350 677 την
373 637 499 677 ητταν
516 638 586 675 την
611 617 648 666 ἐν
671 614 883 686 Σικελία
911 637 1063 675 ηκοντα
1090 623 1154 668 οὐν
1183 613 1303 668 αὐτον
1330 621 1551 671 ἀποθανεῖν

281 693 392 764 βία,
413 713 492 743 και
514 689 705 750 τεθηναι’
694 712 731 742 εν
748 715 829 748 τοις
848 691 1070 761 Κιμωνίοις
1088 714 1299 762 μνημασι,
1313 716 1391 744 και
1404 716 1551 745 κατα-

279 790 502 834 γινωσκειν
533 764 711 830 ευηθειαν
740 763 826 828 ἔφη
854 791 932 818 των
951 769 1181 837 νομιζοντων
1200 764 1322 823 αὐτον
1341 765 1458 828 ἕκτος
1475 792 1552 840 μεν

281 839 638 904 τετελευτηκέναι,
669 839 741 895 ἐπι
770 865 852 933 γΝης
877 833 923 893 δε
947 843 1017 903 τῆς
1045 843 1238 905 Αττικης
1259 844 1489 908 τεθάφθαι.
1518 853 1554 898 εὶ

281 944 377 988 γαρ
398 924 473 973 οὐκ
495 914 548 972 ἂν
566 915 704 980 ἒτεθη’
694 941 730 972 εν
747 922 829 976 τοῖς
831 942 1056 995 πατρῳοις
1079 943 1278 992 μνημασι
1301 920 1555 983 συλληβὸην

282 995 431 1089 τεθεΝις,
452 999 527 1048 οὐκ
545 990 597 1048 αν
617 991 760 1058 ἔτυχεν
779 1017 868 1047 ουτε
887 1009 1068 1056 στηλης,
1090 994 1180 1048 ου’τε
1197 997 1552 1090 ἐπιγράμματος,

282 1100 309 1135 η
328 1074 389 1146 τῷ
406 1072 546 1142 ταφῳ
540 1069 860 1164 προΝσ-κειμένη,
881 1072 953 1122 τοῧ
979 1070 1280 1142 συγγραφέως
1301 1097 1440 1143 μηνυει
1459 1098 1553 1126 του-

282 1174 330 1220 νο
328 1172 407 1201 αα
439 1145 576 1201 ἀλλα
604 1146 770 1208 ὃηλον
758 1151 817 1198 ότι
848 1147 1019 1205 maozim
1050 1149 1157 1209 ἒὸοθη
1186 1172 1268 1206 τοις
1296 1147 1552 1215 φευγουσιν,

283 1228 341 1284 ὡς
369 1248 448 1279 και
481 1222 717 1317 Φιλοχορος
741 1219 889 1288 λέγει,
924 1246 1002 1275 και
1031 1222 1307 1315 Δημητριος’
1297 1246 1334 1277 εν
1364 1250 1446 1286 τοις
1477 1224 1555 1299 ἄρ-

280 1325 445 1367 χουσιν.
471 1294 563 1367 ἶεγω
581 1292 628 1353 δε
651 1298 853 1374 Ζώπυρον
875 1303 1005 1373 ληρεῖν
1026 1305 1195 1371 νομιζω,
1214 1298 1403 1366 λέγοντα
1419 1326 1557 1356 τουτον

285 1459 451 1500 Athenis
475 1458 644 1513 sepultus
666 1456 803 1499 fuerat.
826 1457 1029 1510 Didymus
1055 1470 1156 1498 vero
1170 1489 1183 1508 ‚
1205 1457 1483 1511 Thucydidem
1506 1457 1556 1498 ab

283 1529 419 1570 exfilio
443 1527 645 1569 reversum
660 1558 673 1577 ‚
697 1536 828 1566 morte
862 1526 1036 1566 violenta
1068 1526 1232 1567 Athenis
1263 1526 1397 1567 obiiss'e
1429 1528 1556 1566 tradit.

283 1597 365 1638 hoc
387 1607 517 1638 autem
542 1609 567 1636 a
586 1597 752 1648 Zopyro
775 1594 985 1633 memoriae
1003 1595 1202 1649 proditum
1219 1591 1322 1635 dicit.
1348 1594 1560 1636 Athenien-

283 1668 343 1709 ses
364 1668 490 1717 enim,
513 1665 600 1721 post
623 1664 774 1706 cladem
797 1665 838 1703 in
858 1663 982 1704 Sicilia
1004 1675 1224 1719 acceptam,
1243 1665 1429 1706 omnibus
1446 1664 1558 1706 exsu-

286 1739 387 1780 libus
400 1771 413 1789 ‚
446 1737 617 1792 exceptis
636 1734 896 1785 Pifistratidis‚
919 1735 961 1775 in
989 1735 1152 1790 patriam
1181 1734 1366 1776 redeundi
1396 1735 1560 1790 potesta-

283 1820 364 1849 tem
380 1805 597 1863 permififfe.
618 1805 722 1846 hunc
739 1815 870 1845 autem
890 1803 1088 1845 reversum
1099 1835 1112 1853 ,
1129 1803 1309 1845 violenta
1322 1815 1451 1850 morte
1473 1804 1561 1846 sub-

285 1879 407 1920 latum
420 1910 433 1929 ,
470 1878 513 1919 &
534 1877 575 1917 in
598 1876 789 1918 Cimoniis
809 1876 1073 1916 monumentis
1093 1874 1300 1929 sepultum.
1326 1876 1423 1932 quin
1442 1877 1559 1918 etiam

286 1953 361 2002 ait,
382 1951 540 1990 illorum
558 1947 837 2003 simplicitatem
849 1961 872 1987 a
883 1948 1050 2002 Zopyro
1073 1947 1252 1997 derideri,
1272 1949 1341 2003 qui
1356 1948 1564 2002 Thucydi-

285 2021 374 2061 dem
389 2031 547 2074 peregre
562 2017 717 2072 quidem
740 2016 877 2058 obiiss'e
890 2049 902 2068 ‚
914 2017 1081 2058 Athenis
1104 2031 1203 2060 vero
1222 2016 1414 2073 sepultum
1430 2017 1538 2059 fuisse
1548 2047 1560 2068 ‚

287 2102 439 2148 putent.
461 2091 502 2132 Si
524 2091 627 2131 enim
645 2090 686 2129 in
705 2099 868 2144 paterno
896 2099 1157 2130 monumento
1175 2088 1274 2131 clam
1300 2088 1448 2144 positus
1468 2088 1560 2130 fuis-

286 2165 366 2215 set,
379 2177 452 2205 nec
469 2164 692 2206 columnam
706 2162 869 2216 adeptus
881 2160 1006 2202 fuiss‘et
1018 2194 1031 2212 ‚
1049 2175 1122 2204 nec
1134 2160 1444 2216 inscriptionem,
1458 2174 1561 2215 quae

285 2235 406 2291 ipfius
427 2233 603 2290 sepulcro
616 2232 795 2288 imposita
813 2246 958 2274 nomen
980 2232 1149 2274 au&oris
1169 2232 1324 2272 indicat.
1346 2232 1500 2273 Verum
1515 2233 1559 2272 il-

239 2335 242 2338 ·
290 2306 356 2348 lud
377 2303 751 2353 constat,exsulibus
771 2304 811 2343 in
825 2304 987 2358 patriam
1002 2303 1185 2344 redeundi
1202 2301 1430 2358 potestatem
1450 2301 1561 2343 fuiffe

290 2377 419 2417 datam
434 2407 447 2426 ,
478 2385 523 2416 ut
547 2373 590 2414 δι
610 2374 865 2415 Philochorus
891 2373 1048 2415 testatur
1062 2405 1075 2425 ‚
1102 2374 1144 2415 δι
1171 2373 1397 2414 Demetrius
1425 2373 1558 2414 Phala-

289 2457 381 2486 reus
390 2473 402 2492 ‚
424 2444 464 2483 in
484 2442 586 2482 libro
606 2441 652 2482 de
665 2441 936 2482 Archontibus
948 2440 1258 2483 Atheniensibus.
1277 2442 1364 2496 Ego
1375 2454 1476 2483 vero
1488 2443 1560 2483 Zo-

291 2526 438 2569 pyrum
462 2512 599 2568 nugari
622 2522 742 2568 puto,
770 2511 838 2566 qui
859 2512 1133 2566 Thucydidem
1162 2513 1204 2554 in
1229 2511 1399 2555 Thracia
1423 2511 1557 2555 obiiffe
