1670 3094
285 219 312 254 c
515 207 672 255 CAR.
717 209 948 256 ANDR.
989 209 1317 258 DUKERI

282 313 330 354 ad
357 312 479 354 verba
509 314 751 368 Thucydidis
781 317 859 365 IV,
888 330 985 367 114,
1006 315 1114 370 ’ἔλεξε
1148 317 1227 359 τοῖς
1259 318 1294 359 ἐν
1317 317 1370 370 τῇ
1389 316 1565 372 ’Anam-²

283 376 580 430 παραπλήσιοι,
599 389 783 428 annotat,
805 378 840 419 ἐν
862 379 917 429 τῷ
936 379 998 419 στ’
1027 379 1102 421 τῶν
1121 381 1361 434 συγγραφῶν
1383 381 1563 435 &tanciae

282 437 467 490 Βρασίὲου
485 442 581 493 πρὶς
603 439 820 492 Topomlovc.
843 440 930 481 Nec
952 453 1034 481 non
1054 441 1189 495 frigida
1209 443 1272 483 illa
1291 442 1466 496 quaestio
1479 475 1492 493 ‚
1515 444 1566 485 δι’

282 496 456 552 frigldior
477 499 578 540 illius
601 499 768 548 solutio,
794 511 960 554 utraque
982 501 1199 542 Graeculae
1221 501 1398 543 stultitiae
1425 503 1561 557 plena,

281 561 323 601 in
347 560 425 602 fine
449 562 513 603 lib.
534 563 609 613 IV,
630 576 698 603 cur
729 563 981 616 Thucydides
996 595 1008 613 ‚
1034 563 1143 604 cuius
1167 565 1333 606 nominis
1364 566 1488 620 prima
1517 565 1584 612 li-⁴

282 632 367 663 tera
389 622 444 663 est
461 630 513 672 Θ,
537 635 690 664 tantum
707 623 801 665 οξὶο
814 655 827 671 ,
856 625 1086 665 Herodotus
1117 636 1247 667 autem
1261 657 1275 676 ,
1299 628 1411 668 cuius
1437 627 1563 680 prima

284 684 340 725 est
359 686 426 735 H,
443 699 591 727 novem
607 687 729 727 libros
740 685 998 727 Historiarum
1024 686 1222 741 scripserit.
1243 688 1318 729 Sed
1332 689 1380 729 de
1397 701 1564 730 numero

286 747 381 787 0810
408 748 601 788 librorum
629 747 717 788 satis
746 748 909 788 idoneus
933 748 1036 789 testis
1066 748 1122 789 est
1145 748 1363 802 Dionysius
1386 749 1567 791 Halicar-

286 807 495 848 naffenfis
487 823 526 848 m
551 809 653 850 libro
666 824 754 863 περι
771 809 840 848 τοῦ
861 809 1099 850 Θουκυὲίέου
1121 825 1371 866 χαρακτωρος
1390 825 1476 866 cap.
1497 826 1566 862 24:

287 871 366 909 Τὰς
393 870 491 911 ὀκτὼ
522 870 702 918 βίβλους,
741 871 791 911 ἃς
815 869 937 922 μονοις
961 873 1173 922 κατέλιπε,
1199 873 1363 927 στρέφων
1396 870 1469 915 ἄνω
1496 874 1565 914 καὶ

290 929 420 972 κάτωι
446 933 515 986 qui
538 933 580 974 &
601 933 740 973 ibidem
760 947 844 1004 cap.
874 948 921 990 19
948 937 1220 989 prooemium,
1245 936 1353 990 quod
1371 937 1498 977 tribus
1521 937 1566 978 δι

289 993 432 1046 viginti
449 995 640 1049 capitibus
657 996 744 1036 libri
765 997 878 1050 primi
899 996 1115 1039 absolvitur
1125 999 1461 1053 ,quingentorum
1480 1011 1569 1044 ver-

292 1053 404 1096 suum
432 1056 540 1099 fuiffe
555 1059 682 1100 tradit.
718 1060 844 1114 Quod
870 1072 1002 1102 autem
1022 1062 1062 1101 in
1084 1062 1254 1117 Epistola
1270 1063 1318 1103 ad
1338 1062 1568 1116 Pompeium

290 1131 380 1172 cap.
409 1134 428 1174 3
455 1119 607 1171 scribit,
638 1135 729 1163 eum
757 1123 876 1164 fmem
901 1123 1094 1164 Historiae
1123 1123 1285 1165 facere*
1277 1137 1317 1164 in
1339 1123 1490 1178 proelio
1518 1122 1567 1164 ad

292 1177 403 1223 Κυνὸς
430 1182 562 1235 anper,
589 1187 697 1239 quod
726 1186 779 1226 ibi
802 1201 908 1228 anno
927 1187 1094 1229 secundo
1115 1188 1158 1229 &
1179 1186 1370 1242 vigesimo
1393 1186 1482 1227 belli
1499 1186 1570 1228 Pe-

293 1243 558 1299 loponnesiaci
580 1247 726 1289 faeium
745 1249 909 1298 dicitur,
929 1251 1198 1290 emendatione
1210 1250 1367 1290 videtur
1385 1261 1486 1303 opus
1503 1249 1572 1288 has

293 1306 398 1348 bere.
420 1308 524 1349 Nam
550 1322 698 1351 certum
720 1310 775 1351 est
794 1325 844 1352 ex
866 1311 1007 1353 ultimo
1027 1313 1128 1353 libro
1140 1312 1259 1360 vul,
1276 1310 1470 1366 proelium
1489 1309 1569 1352 hoc

293 1379 405 1410 anno
427 1370 524 1411 XXI
549 1372 639 1413 belli
661 1372 808 1414 fabium
832 1373 919 1414 effe.
947 1373 1026 1414 Etfi
1051 1386 1182 1415 autem
1217 1373 1416 1414 historiam
1445 1372 1580 1413 huius·
1655 1354 1670 1402 ἶ

1654 1533 1670 1583 ³«.

1655 1585 1670 1601 ,

293 1429 385 1471 hessi
411 1442 562 1474 tantum
590 1435 638 1475 ad
673 1449 820 1477 annum
846 1437 961 1486 XXI,
994 1450 1166 1491 eumque
1200 1436 1378 1496 nondum
1412 1429 1570 1476 finitum

296 1493 476 1546 perduxit
505 1497 781 1550 Thucydides,
817 1509 948 1540 tamen
978 1500 1132 1542 videtur
1160 1499 1202 1539 in
1230 1499 1364 1540 animo
1394 1496 1577 1539 habuiffe

296 1567 383 1595 eam
404 1557 452 1597 ad
478 1557 595 1599 finem
620 1559 740 1614 usque
768 1572 980 1615 pertexere.
1018 1562 1111 1602 Hoc
1132 1559 1361 1607 ostendunt,
1386 1572 1490 1613 quae
1513 1559 1573 1608 V,

299 1618 350 1657 26
366 1616 515 1659 scribit.
538 1620 584 1659 Γ
564 1634 708 1675 εγραφε
727 1621 773 1661 822
794 1619 858 1662 m}
883 1621 1017 1663 ταῦτα.
1041 1621 1057 1662 ὅ
1080 1619 1197 1663 αὐτος
1210 1620 1450 1662 eovmsa'snc
1469 1620 1572 1662 Ἀθη-

297 1677 398 1720 varos
422 1677 553 1734 ἑξῆς
530 1697 578 1723 ως
604 1680 758 1724 &exem
779 1685 938 1738 ἐγένετο
966 1687 1078 1726 κατὰ
1109 1684 1215 1738 θέρος
1247 1699 1313 1724 και
1341 1697 1572 1737 χειμωνοις,

293 1741 442 1796 μέχρις
461 1738 508 1784 οὑ
523 1742 588 1787 ‘niv
610 1761 654 1787 τε
688 1747 818 1801 ἀρχην
841 1747 1098 1788 κατέπαυσαν
1129 1747 1202 1788 τῶν
1234 1745 1424 1787 Ἀθηναίων
1447 1751 1569 1785 Λακε-

295 1803 488 1858 sambram
514 1808 581 1847 καὶ
604 1809 635 1848 οἱ
659 1807 887 1862 ξύμμαχσι,
922 1810 988 1849 neu
1019 1812 1076 1849 τὰ.
1091 1811 1230 1863 μικρά,
1249 1807 1374 1862 τείχη
1399 1807 1467 1848 καὶ
1502 1810 1570 1848 τὶν

297 1867 459 1921 Πειραιᾶ
483 1870 746 1918 κατέλαβον·’
736 1871 800 1912 ἐτη
825 1871 910 1912 δὲ’
895 1887 933 1913 ες
955 1887 1066 1912 τουτο
1096 1873 1150 1911 τὰ.
1173 1866 1393 1924 ξύμπαντα
1420 1868 1573 1922 ἐγένετο

297 1927 355 1978 τῷ
373 1930 528 1982 πολέμῳ
552 1930 659 1972 ἔπτὰ
678 1933 745 1973 καὶ
767 1932 895 1974 εἴκοσι.
916 1933 991 1973 Sed
1013 1944 1139 1973 morte
1154 1932 1386 1985 interceptus
1399 1961 1412 1980 ‚
1429 1943 1480 1971 an
1499 1931 1572 1971 alia
1648 1972 1655 1980 ,

297 1987 346 2028 de
363 1989 475 2030 causa
494 1990 701 2032 consilium
723 1992 929 2033 exsecutus
948 2005 1031 2033 non
1050 1991 1185 2042 fuerit,
1198 2005 1281 2032 non
1302 1991 1436 2046 liquet.
1456 1991 1575 2032 Prae·

298 2062 360 2091 ter
386 2051 598 2094 Historiam
621 2055 740 2096 huius
764 2056 855 2096 belli
878 2055 1001 2096 exstat
1023 2055 1163 2105 etiam,
1188 2054 1217 2094 fi
1235 2054 1444 2095 Athenaeo
1464 2055 1520 2102 V,
1538 2066 1574 2106 3,

300 2126 420 2167 quem
438 2115 487 2155 ad
500 2117 663 2157 Homer.
686 2116 730 2157 ΙΙ.
752 2117 800 2166 β’,
813 2130 913 2171 pag..
925 2117 1001 2166 284
1014 2148 1026 2167 ‚
1048 2115 1218 2170 sequitur
1235 2113 1476 2164 Eustathius,
1489 2127 1575 2156 cre-

299 2175 450 2226 dimus,
473 2177 721 2232 Epigramma
743 2178 987 2231 Thucydidis
1007 2179 1047 2218 in
1066 2177 1290 2232 Euripidem
1303 2208 1317 2227 ,
1338 2177 1449 2231 quod
1473 2177 1514 2217 δι
1534 2177 1576 2218 in

301 2237 517 2294 Antholog.
543 2240 682 2282 Graec.
703 2241 781 2291 111,
810 2255 886 2295 25,
905 2254 992 2295 pag.
1027 2253 1098 2295 395
1115 2271 1129 2291 ‚
1149 2239 1375 2280 translatum
1401 2238 1467 2281 est.
1500 2239 1577 2280 Sed
1638 2282 1643 2292 ,

302 2300 422 2342 huius
443 2301 642 2342 au&orem
664 2302 761 2343 alios
776 2302 1029 2344 Timotheum
1053 2303 1251 2354 μελοποὼν
1276 2299 1425 2349 feciffe,
1447 2301 1576 2355 prodit

302 2362 466 2418 scriptor
486 2366 592 2407 vitae
610 2365 810 2420 Euripidis.
843 2365 933 2406 Alia
959 2366 1006 2406 de
1033 2378 1108 2413 eo,
1131 2365 1256 2418 deque
1281 2365 1365 2404 eius
1382 2363 1576 2413 Historia,

305 2426 465 2528 &Aoco
493 2427 630 2468 mortis
661 2439 706 2469 ac
735 2426 972 2482 sepulturae,
994 2439 1017 2466 e
1046 2425 1244 2467 Dodwelli
1261 2425 1462 2480 Apparatu
1495 2425 1579 2480 peti

303 2501 358 2543 po
390 2498 472 2529 unt.

1659 436 1670 499 3

1654 531 1670 656 ἒ

1656 769 1670 903 5

1655 910 1670 998 ἐ

1653 1000 1670 1128 Ξ

1658 1156 1670 1187 ἴ

1656 1265 1670 1354 ἓ
