1670 3094
258 206 321 255 80
545 193 1234 253 THUCYDIDIS

257 299 480 395 μιουργοῗις
499 297 753 391 ἒκπεμπειν,
780 325 858 354 nou
885 299 1077 355 τολοιπον
1099 328 1163 374 μη
1187 300 1495 367 δέχεσθαι,
1455 329 1521 363 ους

258 402 384 432 καιτοι
417 375 505 436 ἒτος
532 372 713 430 ἕκαστον
745 376 998 451 Kopl'vdcoc
972 393 1178 450 επεμπον
1215 380 1424 438 ὃείσ-οοντες
1457 405 1522 452 μη

258 454 532 509 ἀποστωσιν,
562 452 650 506 ὑπὸ
674 476 721 507 τε
753 454 987 550 Περῶᾌοκου
1017 455 1246 527 πειθόμενοι
1273 478 1351 507 και
1379 456 1523 529 Κοριν-

261 535 372 587 θίων,
392 527 484 588 τούς
506 553 552 582 τε
572 528 739 589 ἄλλους
761 554 853 589 τους
875 528 943 582 ἐπι
969 530 1149 605 Θρᾷκης
1170 530 1524 595 {vitame-‘rufnae‘

457 629 534 663 ους.

259 607 667 746 {VP‘ZWCTQW
630 671 674 733 de
697 703 810 772 προς
821 705 913 739 τους
938 681 1242 741 Ποτιδαιάτας
1265 687 1299 733 οἱ
1325 684 1526 744 Ἀθηναῖοι

262 758 698 829 προπαρεσκευοίξοντο
725 754 837 816 εὐθυς
861 779 981 828 μετα,
995 781 1065 818 την
1085 760 1121 810 ἐν
1136 756 1337 830 Κερκυροι
1355 782 1526 829 νοιυμοι-

266 841 384 899 χίαιν.
403 834 443 885 οἳ
456 855 501 885 τε
525 855 619 900 γαρ
635 833 827 904 Κορίνθιοι
849 832 1038 904 φανερως
1060 831 1295 908 diocoeopoa’
1270 858 1390 897 ηο-οιν,
1407 834 1526 907 Περ-

265 911 416 967 δίκκας
442 931 487 960 τε
512 912 531 959 ὁ
558 907 848 981 Ἀλεξάνδρου,
873 909 1134 962 Μαικεὸονων
1157 909 1439 971 βασιλευς,
1429 932 1528 962 επε-

265 983 516 1073 πολέμωτο,
547 982 784 1055 Ξῦμμοιχος
810 1007 993 1058 προτερον
1020 1008 1099 1037 nou
1125 991 1256 1048 φίλος
1279 1010 1346 1038 ων.
1376 989 1528 1038 ἐπολε-

266 1062 386 1133 μωθη
411 1053 506 1112 δε
482 1085 541 1112 οτι
566 1061 789 1152 Φιλίππῳ
811 1062 874 1133 τῷ
899 1060 1045 1113 {cau-roi]
1069 1062 1259 1134 αδελφῷ
1279 1085 1358 1114 κοοι
1383 1059 1530 1135 Δέρδα,

265 1161 372 1203 κοινή
395 1161 496 1209 προς
518 1132 639 1194 αὐτον
662 1134 966 1226 ἐναντιουμένοις
987 1162 1020 1189 οι
1047 1137 1244 1198 Ἀθηναιοι
1268 1140 1530 1209 ξυμμαχίαν

267 1211 529 1276 ἒποιηο-οιντο.
557 1211 697 1271 δεδιώς
719 1235 765 1265 τε
797 1209 1033 1304 ἔπρασσεν,
1064 1210 1105 1271 ἴς
1131 1235 1176 1266 τε
1203 1238 1274 1275 την
1302 1214 1530 1267 Λακεδαί-

268 1312 381 1362 μονα
397 1286 605 1361 πέμπων,
627 1312 741 1347 οπως
760 1289 954 1359 πολεμος
969 1286 1140 1355 γένηται
1158 1292 1298 1347 αὐτοις
1317 1313 1418 1363 προς
1432 1290 1531 1342 Πε-

267 1371 575 1428 λοποννησίους,
613 1387 693 1418 nou
723 1389 815 1424 τους
852 1365 1075 1439 Κορινθιους
1110 1369 1394 1439 προσεποιεῖτο
1407 1403 1420 1420 ,
1461 1390 1532 1427 της

265 1524 308 1565 δι
328 1523 566 1578 magistratus
595 1522 813 1577 expellere,
832 1534 904 1564 nec
928 1522 967 1562 in
990 1522 1187 1578 posterum
1210 1523 1404 1577 recipere,
1429 1535 1534 1576 quos

267 1593 463 1636 Corinthii
479 1594 689 1648 quotannis
706 1593 929 1633 mittebant:
949 1594 1088 1644 veriti,
1100 1607 1150 1635 ne
1167 1608 1189 1635 a
1203 1593 1379 1635 Perdicca
1392 1593 1434 1634 &
1451 1593 1534 1634 Co-

264 1662 416 1704 rinthiis
435 1660 644 1709 sollicitati,
663 1675 686 1701 a
706 1660 743 1701 se
760 1660 989 1712 deficerent,
1007 1661 1231 1716 ceterosque
1248 1661 1373 1704 socios
1384 1693 1398 1712 ,
1409 1663 1476 1717 qui
1493 1663 1533 1702 in

268 1730 438 1772 Thracia
457 1741 567 1770 erant
579 1761 591 1778 ‚
610 1729 657 1769 ad
675 1728 931 1770 defefflonem
951 1729 1080 1772 secum
1100 1731 1306 1772 traherent.

321 1796 447 1837 LVII.
473 1797 582 1837 Haec
607 1806 737 1836 autem
767 1795 1020 1838 Athenienses
1042 1807 1179 1838 contra
1208 1796 1444 1837 Potidaeatas
1466 1794 1537 1836 sta·

267 1867 337 1907 tim
358 1865 445 1922 post
461 1865 601 1907 navale
621 1865 814 1921 proelium
836 1866 883 1907 ad
905 1866 1129 1919 Corcyram
1149 1864 1388 1908 commiffum
1408 1866 1537 1906 moliri

268 1946 493 1991 coeperunt.
521 1936 623 1976 Nam
649 1935 692 1976 δι
717 1934 912 1976 Corinthii
942 1946 1074 1989 aperte
1104 1933 1400 1976 Atheniensibus
1426 1944 1536 1974 erant

268 2007 422 2058 infensi,
440 2008 483 2048 &
499 2007 698 2048 Perdiccas
717 2005 927 2048 Alexandri
945 2006 1069 2057 filius,
1088 2006 1347 2047 Macedonum
1363 2019 1450 2054 reX‚
1468 2019 1537 2046 eo-

270 2092 358 2119 rum
379 2076 497 2118 hostis
515 2087 618 2125 erat,
637 2090 727 2118 cum
748 2088 838 2117 ante
859 2076 982 2118 socius
1000 2077 1042 2118 &
1066 2077 1213 2118 amicus
1230 2075 1332 2117 esset.
1355 2076 1449 2116 Ideo
1469 2091 1535 2117 au—

272 2160 350 2190 tem
372 2147 495 2189 faetus
514 2147 569 2188 est
589 2161 726 2188 eorum
743 2146 879 2196 hostis,
900 2147 1006 2200 quod
1026 2160 1114 2187 cum
1135 2145 1308 2199 Philippo
1325 2143 1441 2186 fratre
1462 2146 1535 2188 suo

272 2217 316 2259 &
331 2217 486 2267 Derda,
500 2216 759 2258 communiter
781 2215 925 2256 bellum
946 2226 1081 2256 contra
1102 2214 1140 2256 se
1158 2214 1378 2269 gerentibus
1389 2247 1401 2265 ,
1416 2215 1538 2257 Athe-

273 2284 418 2326 nienses
447 2283 666 2327 societatem
696 2282 886 2325 fecissent:
914 2297 1083 2338 cumque
1114 2283 1183 2324 fibi
1209 2284 1298 2324 ideo
1324 2295 1535 2337 metueret,

274 2355 389 2397 miffis
408 2355 734 2397 Lacedaemonem
749 2354 869 2404 viris,
888 2367 1047 2409 operam
1068 2354 1189 2404 dedit,
1210 2364 1253 2394 ut
1273 2354 1415 2396 bellum
1436 2356 1536 2396 inter

274 2426 379 2483 ipsos
397 2424 650 2468 Athenienses
669 2426 711 2467 δι
732 2424 1033 2479 Peloponnefios
1052 2425 1242 2474 oriretur,
1255 2425 1297 2465 &
1310 2424 1538 2466 Corinthios

273 2496 342 2538 fibi
363 2495 611 2546 conciliavit,
634 2506 677 2538 ut
699 2495 879 2537 Potidaea
902 2493 1153 2537 defectionem
1174 2494 1223 2536 ab
1241 2493 1539 2538 Atheniensibus
