1670 3094
296 167 393 218 3w
498 125 1366 204 ANNOTATIONES

291 238 387 280 Non
410 238 483 289 est,
510 253 582 281 cur
614 241 813 282 recedatur
835 255 860 282 a
882 242 1043 296 vulgata
1075 241 1259 297 scriptura
1279 243 1317 284 ἐς
1338 242 1422 294 ἀεὶ,
1476 256 1569 287 uam

291 294 406 334 etiam
438 295 594 336 Lucian.
623 295 738 336 habet
762 296 810 336 de
840 296 936 336 Hist.
962 296 1071 337 scrib.
1102 311 1138 351 p.
1174 299 1266 349 634.
1295 298 1380 339 Ne'c
1405 298 1428 338 d
1483 299 1568 348 ito,

292 348 388 413 quin
418 361 492 401 pro
513 362 586 396 eo,
619 350 725 403 quod
750 349 806 390 est
833 350 871 390 in
895 351 1034 391 eodem
1062 350 1194 392 libello
1221 365 1256 405 p.
1291 351 1388 404 603,
1412 349 1453 393 35⁹
1481 367 1568 402 τις,

291 417 341 442 ως
361 401 377 440 ὅ
401 403 642 443 eovnvsisnc
664 404 804 455 φησὶν,
826 399 874 444 ὣς
899 404 958 444 ἀεὶ
977 402 1112 456 κτῆμοι
1131 405 1335 455 συντιθείη,
1361 405 1568 460 legendum

289 455 348 550 fi}
366 455 506 550 {fAc'ffiass
531 457 580 497 Et
603 456 655 498 fic
681 457 928 498 emendatum
952 469 1036 499 erat
1059 471 1081 499 a
1103 458 1230 500 nescio
1259 473 1342 513 quo
1377 461 1425 500 ad
1455 459 1568 501 oram

291 523 314 550 e
341 521 379 550 ιε.
483 540 494 550 .

252 586 277 618 χ
344 567 418 604 ead.
448 565 472 604 l.
501 577 558 604 ιι.
584 563 834 618 Ἀγώνισμοι)
854 564 956 618 Agn.
984 564 1125 606 Pollux
1151 565 1233 614 111,
1258 579 1347 615 141.
1371 565 1449 608 huc
1480 565 1568 622 spe-

289 616 369 658 &at
391 618 586 658 Lucianus
603 618 650 658 de
672 618 770 658 Hist.
796 617 984 659 conscrib.
1012 620 1102 673 63¹·
1124 621 1270 660 WAss.
1290 619 1356 662 De
1380 619 1568 662 sententia

290 672 435 712 horum
464 672 679 712 verborum
706 672 785 712 vid.
820 671 1039 713 Casaubon.
1068 673 1117 712 ad
1147 672 1309 714 Sueton.
1339 673 1503 728 Caligul.
1530 687 1568 716 c.

295 740 318 787 ς·
326 739 342 777 3
355 740 368 774 3
390 726 617 780 interpretes
637 726 684 766 ad
708 726 804 766 Plin.
833 728 890 775 V,
913 726 983 781 Ep.
1005 724 1052 776 8,
1078 726 1120 767 δι
1139 727 1220 769 Bos
1243 726 1450 770 Observat.
1478 727 1569 770 Cri·

291 789 360 820 tic.
393 792 427 819 c.
483 810 492 819 .
1096 809 1102 814 «
1327 802 1330 806 ·

362 837 437 873 ead.
458 793 490 875 Ξ
519 847 576 873 12.
602 832 842 888 Ξὺγκειτοιι)
866 833 1023 888 Legitur
1049 833 1163 874 etiam
1188 832 1425 888 ξύγκειντιιι.
1511 835 1567 877 od

291 887 435 927 mirum
451 887 574 928 videri
594 901 676 928 non
699 888 831 937 debet,
856 901 947 929 cum
978 887 1167 942 plerisque
1194 889 1292 930 locis
1323 901 1405 930 non
1432 901 1461 930 ο
1487 888 1568 930 ser·

292 953 410 983 vetur
434 955 457 981 a
473 942 710 994 Thucydide
727 942 792 982 illa
805 941 1046 983 consuetudo
1061 943 1209 983 nomini
1233 942 1372 997 plurali
1393 943 1568 993 neutrius

291 996 444 1048 generis
467 995 717 1050 subiungendi
744 995 911 1036 verbum
936 997 1090 1036 numeri
1109 995 1316 1051 fingularis.
1343 997 1436 1037 Non
1458 997 1568 1038 dubi-

291 1059 337 1089 to
362 1060 493 1090 autem
507 1082 519 1100 ,
542 1051 639 1104 quin
662 1050 739 1091 hoc
757 1050 924 1091 verbum
945 1050 992 1090 ad
1014 1049 1098 1100 illa,
1118 1063 1220 1104 quae
1244 1049 1416 1103 ὠφέλιμοι
1445 1050 1564 1101 dixit,

291 1102 498 1144 referatur:
520 1115 565 1145 ut
583 1105 739 1164 perinde
759 1103 827 1154 fit,
843 1117 889 1145 ac
908 1103 938 1144 fi
959 1103 1117 1151 dixisset,
1138 1104 1362 1159 ξύγκειται,
1382 1103 1450 1145 vel
1470 1103 1568 1160 ξὺγ.

293 1172 440 1199 κειντοιι
462 1155 511 1199 ὧς
528 1173 662 1211 κτημοι
678 1159 830 1210 μᾶλλον
850 1159 869 1200 ii
886 1153 935 1198 ὣς
955 1158 1172 1212 ἀγώνισμα.
1188 1157 1413 1200 Scholiastoe
1433 1168 1568 1200 tamen

291 1225 344 1252 eo
357 1225 439 1252 non
455 1212 595 1263 refert,
614 1213 676 1253 sed
693 1226 782 1254 cum
800 1210 933 1264 κτῆμα
947 1213 1087 1266 iungit:
1106 1225 1304 1268 exponens
1324 1213 1452 1264 σαφές
1466 1212 1570 1260 ἐστι.

289 1279 364 1307 nec
386 1279 467 1307 non
494 1266 791 1321 ξυγγράφεται.
816 1268 968 1307 Verum
989 1266 1051 1306 illa
1071 1268 1227 1320 quidem
1247 1267 1353 1322 prior
1374 1266 1571 1320 expolitio
1650 1278 1652 1306 ῑ

292 1320 442 1360 admitti
468 1334 550 1362 non
583 1320 728 1376 potest:
755 1331 795 1360 at
820 1334 920 1362 vero
944 1322 985 1360 in
1006 1320 1235 1383 posteriore,
1263 1321 1390 1375 potius
1411 1319 1569 1375 ξυγγέ-

326 1390 504 1428 ροιπτοιι,
529 1389 648 1429 quam
679 1374 956 1437 ξυγγράφετοω
982 1375 1184 1416 dlcendum
1216 1374 1350 1416 fuerat.
1374 1374 1437 1415 Sic
1463 1374 1568 1436 apud
1644 1404 1646 1406 ψ

337 1429 415 1470 ion.
441 1430 530 1470 Hal.
555 1431 717 1485 legimus
740 1442 781 1469 ιη
806 1428 1092 1483 Archaeologia
1108 1460 1120 1479 ,
1147 1429 1210 1469 καὶ
1234 1427 1353 1483 λόγον
1382 1427 1568 1481 &egnice

288 1485 399 1534 μετὰ.
419 1481 569 1524 πολλῆς
595 1482 840 1538 συγκείμενον
866 1482 1075 1537 φροντίέος.
1106 1483 1173 1523 ubi
1195 1494 1298 1524 certe
1321 1483 1568 1536 συγκείμενον

291 1538 413 1591 accipi
433 1550 507 1592 pro
528 1536 883 1591 συγγεγραμμένον
897 1568 908 1586 ,
922 1549 1001 1577 non
1018 1551 1091 1591 pro
1114 1535 1447 1591 συγγραφόμενον,
1473 1549 1568 1578 con-

291 1591 375 1631 flat.
400 1591 536 1646 Atque
567 1593 621 1632 ita
654 1593 776 1632 utitur
805 1592 916 1632 verbi
939 1591 1055 1631 huius
1079 1592 1278 1645 participio
1300 1592 1341 1631 in
1371 1590 1448 1631 hoc
1478 1590 1568 1631 libri

292 1645 432 1740 decinSii
453 1646 566 1695 loco,
585 1647 721 1686 πολλὰ.
743 1645 808 1700 nef}
831 1646 874 1686 ἐκ.
891 1644 1144 1700 ’παρασκευῆς
1159 1644 1398 1700 συγκείμενοι
1410 1643 1568 1697 διεξιόν-

291 1714 369 1740 τες.
419 1711 545 1741 ΤΕΡΗ.

290 1754 450 1847 WPag.
475 1768 536 1809 35.
556 1753 584 1794 l.
613 1767 630 1793 1
663 1752 743 1808 sqq.
768 1752 907 1794 Τούτου
934 1776 980 1785 -
1002 1753 1134 1804 vam)
1163 1752 1218 1795 D.
1244 1751 1332 1793 Hal.
1358 1765 1446 1807 pag.
1473 1751 1566 1805 187.

287 1846 290 1849 .
355 1819 438 1848 Ass.
1516 1827 1519 1829 ·

347 1866 423 1902 ead.
454 1863 479 1901 l.
518 1875 552 1902 2.
582 1861 839 1916 Ξυνηνέχθη)
863 1861 969 1902 Idem
999 1861 1089 1902 ibid.
1118 1859 1220 1901 male
1249 1859 1390 1908 ξυνέβη.
1417 1861 1575 1915 WAss„

290 1916 423 1957 Habet
457 1916 574 1957 etiam
597 1916 647 1968 τῇ
676 1915 837 1957 haas,
863 1918 1020 1965 πολλὰ,
1043 1912 1128 1962 οἷοι,
1153 1916 1196 1956 &
1221 1914 1265 1955 αι’·
1290 1913 1338 1955 ἑὲ
1364 1911 1463 1965 σφᾶῖν
1493 1911 1568 1960 αὖα,

288 1968 380 2013 σῶν.
409 1981 449 2010 at
474 1985 513 2025 p.
537 1983 610 2024 129
632 1972 675 2012 &
691 1984 729 2024 p.
759 1971 832 2020 146
853 1966 928 2010 ὑπὸ
954 1969 1053 2014 σφῶν
1075 1965 1168 2010 αὖτ.
1638 1971 1640 1974 “

346 2028 421 2064 ead.
445 2026 469 2064 l.
491 2040 528 2073 4.
546 2025 679 2066 Πόλεις
698 2023 880 2076 τοσαίδε)
902 2024 1011 2065 Haec
1027 2023 1167 2064 acerbe
1193 2020 1381 2064 convellit
1405 2019 1461 2062 D.
1481 2021 1568 2062 Ha:

290 2077 426 2120 licam.
458 2078 528 2132 Ep.
551 2079 600 2118 ad
621 2078 852 2132 Pompeium
870 2092 910 2132 p.
940 2092 1026 2131 129.
1049 2079 1196 2118 WAss.

347 2135 423 2172 ead.
446 2133 470 2171 l.
494 2146 533 2183 7.
549 2133 619 2172 Καὶ
638 2131 781 2186 φόνος)
804 2131 963 2172 Etiamsi
984 2131 1070 2172 οὔτε
1090 2132 1200 2183 φόνος
1219 2130 1352 2184 potius
1370 2127 1478 2183 sequi
1502 2128 1566 2169 de-

291 2185 442 2235 buerit,
469 2199 587 2239 quam
610 2187 674 2226 na)
698 2185 829 2237 φόνος,
855 2185 989 2226 locum
1013 2196 1142 2226 tamen
1167 2184 1325 2223 minime
1346 2181 1567 2237 suspectum

291 2240 421 2281 mendi
444 2239 584 2280 habere
606 2245 788 2294 oportet,
819 2252 909 2280 cum
929 2239 1029 2280 idem
1057 2239 1170 2278 huius
1191 2236 1398 2292 particulae
1425 2249 1499 2291 pro
1518 2235 1570 2283 il-‚
1628 2259 1630 2261 >

291 2294 332 2335 la
347 2293 438 2335 usus
464 2293 620 2334 &alibi
644 2293 745 2348 apud
768 2293 872 2334 hunc
894 2291 1123 2348 scriptorem·
1143 2290 1342 2345 spestetur.
1364 2289 1517 2330 STEPH-

346 2352 422 2389 ead.
451 2349 476 2389 I.
504 2360 564 2387 11.
590 2344 660 2388 Γνῖς
686 2346 753 2387 καὶ
773 2346 882 2399 &c.)
906 2346 1066 2396 Malim,
1095 2358 1184 2386 cum
1206 2344 1346 2394 Valla,
1367 2342 1566 2398 superlati.
1616 2394 1621 2398 ⁴

292 2416 391 2445 vum
412 2400 693 2455 ἰσχυρότατοι,
716 2401 824 2455 quod
847 2401 1013 2454 margini
1033 2398 1149 2440 adseri
1177 2410 1260 2440 tum
1282 2397 1348 2438 est.
1367 2397 1494 2439 IDEM.
1513 2397 1566 2442 Et
1620 2439 1622 2443 ,

293 2455 346 2507 fic
367 2469 444 2513 pro
465 2454 707 2512 ἰσχυρότεροι
739 2452 956 2510 expressum
978 2454 1107 2499 voluit
1168 2452 1193 2497 1.
1219 2450 1344 2498 Wass}
