1670 3094
297 189 398 243 '350
506 175 1380 226 ANNOTATIONES

356 267 449 319 1)αὲ.
475 264 539 315 84.
568 266 596 308 l.
619 266 658 307 6.
685 265 851 322 Ἡμέρᾳ)
879 268 972 308 Non
999 266 1103 308 reEie
1132 267 1235 309 abest
1263 281 1287 315 a
1311 268 1381 310 Gr.
1416 265 1580 324 Antiqui

300 320 384 361 fere
405 320 571 368 addunt,
589 320 717 361 noster
737 322 918 376 inprimis.
937 324 1082 362 WAss.

357 376 440 415 ibid.
451 369 628 426 Ὕστερον
652 375 718 414 ἐπὶ
739 374 910 429 Θρᾴκης,
929 373 976 430 ἶ)
1002 375 1140 416 Malim
1153 389 1243 416 cum
1262 376 1378 417 Valla
1397 375 1439 423 ii,
1457 388 1580 430 quam

301 424 350 478 ἶ,
381 428 520 470 eodem
551 429 700 482 alioqui
722 428 842 469 sensu.
863 430 1051 483 Iungetur
1074 442 1200 470 autem
1234 430 1252 469 ἢ
1280 443 1371 470 cum
1402 425 1575 484 ὕστερον.

299 482 426 531 vide,
445 495 548 537 quae
567 485 757 523 annotavi
776 484 879 537 apud
895 483 1154 524 Scholiastem.
1180 484 1331 524 STEPH.

357 540 434 576 ead.
467 537 492 575 l.
519 550 580 576 12.
609 536 784 576 Καλλίαν
804 539 868 576 τὴν
890 537 1043 592 Ram.)
1062 538 1164 578 Vide
1188 537 1388 579 Gronovii
1408 535 1581 579 Observ.·

302 588 331 630 l.
359 605 405 640 4,
430 603 463 630 c.
485 604 537 641 7,
560 603 600 652 p.
637 603 724 640 107.
749 591 890 630 HUDS.

359 645 445 683 ibid.
473 638 627 691 Αὗτων)
657 644 771 696 Quin
801 644 969 698 genuina
998 642 1182 699 scriptura
1211 643 1257 685 fit
1280 657 1354 693 ea,
1416 656 1506 684 uam
1535 643 1580 684 in

300 697 480 751 margine
511 697 649 747 habes,
684 697 857 738 dubitare
887 708 926 738 te
953 699 1144 739 vetabunt
1171 698 1308 748 multi,
1331 699 1396 752 qu'
1428 711 1476 738 us
1499 697 1580 739 hoc

303 751 490 804 loquendi
515 764 637 805 genus
658 751 882 801 adhibetur,
905 752 1002 792 loci:
1026 752 1135 806 quod
1156 752 1269 806 plane
1288 751 1389 792 idem
1411 750 1466 792 est
1485 765 1579 792 cum

304 804 485 854 Gallico,
512 818 595 858 quo
617 805 775 851 dicitur,
802 807 854 845 lui
883 806 1086 859 cinquieme,
1117 806 1157 846 id
1183 805 1262 855 est,
1291 805 1360 859 ipfi
1393 820 1470 846 cum
1494 806 1579 845 aliis

303 872 461 913 quatuor.
479 858 632 900 STEPH.
657 859 748 913 Qui
761 859 1032 912 Thucydidem
1054 873 1104 900 ex
1119 859 1291 914 professo
1310 858 1495 900 illustrare
1512 872 1581 913 ag-

304 912 420 967 greffi
440 912 550 962 sunt,
572 924 662 957 tuto
682 913 734 953 εἰς
759 916 802 952 τὸ
821 913 983 965 κείμενον
1009 915 1180 968 recipere
1205 911 1410 967 potuiffent
1426 908 1554 953 αὐτόν.

361 971 436 1007 ead.
460 967 486 1008 l.
514 981 574 1015 ¹4·
590 966 758 1021 Θέρμην)
772 967 832 1008 lta
854 967 956 1008 libri:
969 967 1101 1022 Θέρμα
1115 967 1282 1013 Siciliae,
1302 969 1442 1019 Θέρμος
1456 966 1583 1007 Aeto-

296 1021 380 1062 liae
402 1021 600 1076 oppidum.
633 1021 710 1062 vid.
742 1021 790 1062 ad
815 1021 944 1076 Steph.
972 1022 1171 1062 Berkelius
1195 1022 1236 1064 δι
1263 1020 1498 1062 Holstenius.
1522 1021 1581 1061 At
1656 1024 1657 1027 ’

305 1075 450 1139 Polyb.
469 1090 508 1130 p.
532 1090 579 1130 57
611 1075 756 1130 Θέρμην
779 1086 902 1116 vocat
920 1076 1016 1117 illud
1035 1076 1075 1116 in
1101 1075 1225 1117 Sicilia
1246 1074 1462 1129 πολίχνιον.
1491 1073 1582 1128 Θέρ-
1648 1120 1651 1123 ,

305 1144 362 1184 μη
381 1145 401 1169 n
419 1129 678 1170 Θεσσαλονίκη
693 1160 705 1179 ,
724 1129 791 1172 καὶ
810 1129 990 1181 'Hazza
1013 1129 1182 1171 Schedae
1199 1127 1272 1171 Ms.
1294 1127 1439 1182 Angeli
1452 1123 1599 1182 Apro-⁶

306 1184 363 1224 tii.
389 1183 495 1224 Urbs
519 1182 792 1225 Thessalonica
818 1197 843 1224 a
866 1183 1078 1226 Caffandro
1099 1183 1316 1232 aedificata,
1345 1195 1490 1223 nomen
1515 1182 1583 1223 ha-

308 1238 376 1279 bet
398 1237 535 1278 uxoris
547 1267 558 1286 ‚
582 1250 683 1291 quae
705 1237 865 1299 Philippi
883 1239 1083 1290 Amyntae
1099 1237 1178 1278 filia
1194 1247 1290 1280 erat.
1309 1238 1456 1278 WAss.

364 1292 459 1345 Pag.
484 1291 548 1346 85.
577 1293 601 1331 l.
628 1307 666 1341 4.
685 1292 746 1330 ’En
773 1306 843 1334 της
869 1292 1048 1341 Μακεδῖ)
1074 1292 1134 1332 Ex
1154 1292 1231 1333 hoc
1253 1292 1346 1332 loco
1372 1289 1585 1344 deprehen·

308 1346 413 1386 ditur
424 1376 437 1394 ‚
454 1345 728 1386 Macedoniam
740 1344 835 1387 olim
852 1345 1017 1400 angustis
1030 1346 1215 1387 limitibus
1234 1343 1472 1386 coaretatam
1491 1342 1583 1384 fuis-

309 1399 374 1450 se,
398 1399 558 1454 quando
587 1400 787 1440 Berrhoea
815 1400 1038 1441 censebatur
1058 1399 1167 1441 fuiffe
1193 1411 1303 1440 extra
1329 1399 1412 1439 eius
1428 1398 1583 1439 limites&

310 1454 403 1495 Fuit
431 1464 564 1494 autem
590 1454 788 1496 Berrhoea
819 1456 978 1510 proprie
1011 1455 1282 1496 Bottiaeorum
1315 1453 1466 1494 civitas.
1499 1451 1583 1492 Pal·

311 1507 464 1550 merius.
489 1508 628 1548 Huns.
1622 1510 1636 1554 ’γ

365 1566 440 1603 ead.
464 1562 487 1601 l.
514 1577 545 1616 5.
567 1562 767 1616 Βέῤῥοιαν)
791 1563 887 1604 Tria
909 1562 1074 1604 omnino
1096 1560 1254 1603 huiusce
1279 1560 1450 1603 nominis
1469 1559 1585 1614 oppi-
1634 1599 1636 1601 ,

311 1617 361 1657 da
391 1627 672 1656 memorantur.
697 1618 820 1671 prima
850 1618 891 1657 in
914 1616 1092 1657 Emathia
1116 1614 1267 1657 Maced.
1289 1613 1510 1669 Irenopolis
1533 1613 1584 1654 ab
1630 1656 1632 1658 ,

311 1668 427 1711 Irene
449 1668 569 1718 dieta,
594 1670 641 1711 de
670 1684 750 1724 qua
777 1671 917 1712 alicubi
939 1671 1056 1711 Anna
1081 1669 1294 1711 Comnena.
1318 1667 1491 1709 Secunda
1509 1667 1586 1721 sy.

229 1766 234 1768 ,
312 1726 415 1774 riae,
440 1724 540 1764 inter
569 1725 812 1787 Hierapolim
839 1725 880 1766 &
903 1724 1174 1773 Antiochiam,
1195 1722 1435 1765 conditorem
1462 1735 1483 1762 a
1538 1735 1584 1762 o-

309 1777 381 1820 scit
414 1778 618 1819 Seleucum
645 1792 745 1820 circa
773 1792 917 1820 annum
945 1779 1076 1819 mundi
1106 1790 1204 1831 3713
1226 1809 1241 1826 ,
1269 1785 1357 1817 ante
1389 1775 1483 1816 Chri
1545 1789 1583 1816 m

312 1846 404 1887 291.
438 1833 552 1872 Hanc
577 1832 803 1887 Appianus,
835 1832 990 1888 Iosephi
1019 1832 1206 1879 Codices,
1234 1843 1316 1871 uno
1348 1829 1584 1871 Henriciano
1628 1880 1630 1882 ‚

312 1897 503 1942 excepto,
530 1886 708 1928 Galenus
726 1889 772 1928 de
796 1888 979 1928 Aliment.
1000 1887 1146 1928 Facult.
1166 1884 1225 1934 11,
1249 1898 1315 1938 30,
1337 1883 1586 1938 Nicephorus
1629 1937 1632 1940 ἦ

310 1940 412 1982 Call.
447 1939 691 1990 Cinnamus,
722 1942 877 1983 Nicetas
908 1941 1126 1982 choniates
1157 1952 1246 1981 cum
1269 1937 1414 1992 duplici
1439 1953 1458 1990 ρ
1493 1936 1586 1979 scri-

311 1993 412 2035 bunt
423 2009 438 2043 3
466 1993 608 2035 Annae
627 1995 855 2037 Comnenae
882 1994 1116 2050 exemplaria
1146 1994 1310 2035 variant.
1340 1991 1463 2032 Numi
1487 1990 1585 2031 Tra·
1622 1991 1626 2037 J

311 2049 393 2089 iani
414 2048 457 2088 δι
472 2047 662 2089 Antonini
683 2050 741 2090 Pii
766 2050 1012 2104 aliorumque
1036 2050 1160 2103 Βέροια.
1180 2047 1344 2088 servant.
1364 2046 1511 2085 Bemam
1541 2046 1585 2086 δι

236 2123 238 2126 ·
313 2101 418 2156 Βερὶν
436 2101 615 2143 Itinerar.
636 2104 680 2144 δε
700 2105 852 2145 Notitia
875 2103 1013 2166 Episco
1043 2115 1092 2143 at.
1116 2102 1277 2143 Veriam
1300 2099 1353 2140 So
1380 2098 1520 2140 hianus
1541 2098 1585 2139 δι
1619 2122 1622 2123 ⁷

313 2154 498 2198 Ruffinus
527 2155 602 2196 Ms.
626 2170 746 2212 penes
770 2170 856 2208 me,
887 2171 926 2198 m
954 2158 1002 2199 Io
1019 2156 1108 2210 ephi
1142 2155 1279 2209 Antiq.
1398 2183 1412 2200 ,
1437 2166 1476 2207 p.
1510 2164 1586 2206 547
1624 2167 1626 2183 2

313 2219 472 2253 vocant.
487 2209 624 2250 Tertia
649 2212 787 2253 civitas
808 2212 982 2265 Scylacis
1004 2222 1180 2266 tempore
1205 2208 1393 2254 maxima,
1420 2207 1461 2246 δι
1481 2206 1586 2268 unde

314 2264 454 2306 ceteris
487 2276 633 2304 nomen
657 2266 870 2320 profluxit3
890 2267 938 2306 ad
964 2266 1109 2305 radices
1136 2263 1280 2304 montis
1301 2261 1447 2302 Bermii
1474 2269 1586 2314 ponit

314 2317 472 2361 Strabo.
491 2316 597 2358 inter
619 2331 706 2359 eam
723 2319 765 2360 δι
785 2318 1094 2360 Thessalonicam
1114 2317 1260 2358 medius
1283 2315 1367 2355 fluit
1387 2313 1586 2363 Astraeus,

315 2372 444 2427 inquit
461 2369 558 2411 Hist-
585 2374 714 2415 Anim.
737 2374 830 2423 XV,
856 2389 872 2414 1
899 2373 1096 2413 Aelianus.
1117 2373 1269 2412 Verum
1293 2369 1345 2409 ihi
1364 2368 1508 2423 opinor
1533 2367 1586 2409 le·

317 2426 488 2482 'gendum
512 2425 636 2469 Axius
649 2460 663 2479 ‚
687 2441 805 2482 quem
838 2427 978 2473 Anna,
1014 2427 1145 2467 eadem
1171 2424 1251 2465 fere
1282 2433 1483 2478 repetens,
1517 2420 1587 2462 Ni-

319 2480 514 2536 cephotus
537 2482 678 2540 aliique
707 2483 915 2524 Bardarium
940 2482 1078 2524 dixere.
1101 2480 1141 2523 A
1175 2478 1376 2529 Hierone,
1405 2486 1451 2519 ut
1475 2474 1586 2520 vid&
1618 2511 1619 2514 ,
1663 2469 1670 2518 s
