1670 3094
283 188 381 239 410
492 176 1357 227 ANNOTATIONES

338 266 432 318 Pag.
455 276 542 316 204.
565 266 590 305 l.
607 278 666 318 15.
686 265 741 307 Ἐν
766 264 822 316 τῷ
840 264 894 317 μὴ
911 264 1154 317 μελετῶντι)
1175 264 1410 309 Sententiam
1428 268 1551 313 Scho-‘

282 319 434 367 uastae,
471 320 716 375 participium
745 320 806 361 hic
836 332 910 374 pro
940 318 1133 361 infinitivo
1159 322 1256 375 poni
1280 321 1548 374 existimantis,

282 374 424 429 probat
451 375 502 415 H.
527 374 708 429 Stephan.
726 373 906 427 Append.
933 374 980 414 ad
1007 374 1145 415 Ioann.
1170 374 1383 417 Grammat.
1402 377 1444 418 δι
1467 377 1548 419 Co-

282 428 396 470 rinth.
426 427 473 469 de
503 427 712 477 Dialeffis,
743 440 831 481 pag.
864 428 948 476 164.
982 426 1109 477 Νοιῦς,
1134 430 1243 483 quod
1272 430 1339 470 lin.
1374 443 1418 484 ¹3
1443 430 1548 472 abest

284 495 308 523 a
329 482 427 536 Reg.
453 482 495 523 δι
517 481 618 523 Caff.
639 481 780 523 merito
802 480 1019 535 suspeaum
1038 481 1113 523 effe
1137 482 1274 538 potest.

355 538 446 589 Pag.
474 550 563 590 205.
593 537 618 575 l.
647 550 682 576 2.
704 529 827 575 Ὀταν
857 534 991 588 τύχῃ,
1014 535 1057 575 ἐκ.
1089 537 1313 591 παρέργου)
1341 537 1447 578 Nihil
1467 551 1548 579 ma-

283 590 342 644 gis
365 591 582 644 eleganter,
602 589 697 630 nihil
718 602 781 629 ma
808 590 838 629 is
861 588 1117 643 significanter
1136 591 1184 631 ad
1206 593 1364 633 eandem
1382 605 1462 632 rem
1480 606 1548 633 ex-

281 645 517 699 primendam
540 644 615 684 dici
646 643 758 698 potui
789 656 811 683 e
832 643 1015 684 arbitror:
1044 656 1135 685 cum
1157 658 1237 685 non
1260 656 1465 686 contentus
1493 647 1549 687 di-

282 698 375 739 xiffe
407 699 449 739 ἐκ
472 697 696 752 παρέργου,
718 697 828 737 addat
854 698 897 739 δι
918 697 1081 738 alterum
1103 698 1196 738 illud
1215 698 1396 752 loquendi
1421 713 1548 754 genus

281 754 409 794 minus
427 752 631 802 ufitatum,
660 752 700 791 in
720 752 858 792 eodem
885 762 1017 792 tamen
1041 752 1243 793 vocabulo
1265 752 1456 794 insistens:
1483 753 1547 795 sed

281 818 350 846 aut
376 806 508 857 fallor,
531 818 599 847 aut
621 804 788 860 scripsit,
812 805 907 846 ὅταν
928 805 1061 859 τύχῃ,
1081 805 1147 845 καὶ
1168 806 1211 846 ἐκ,
1233 806 1439 860 παρέργου.
1463 808 1546 849 Ste-

280 861 397 915 phan.
424 861 488 901 Ὡς
517 859 563 901 ἂν
583 858 691 912 τύχῃ
711 858 844 900 ταῦτα.
866 860 909 900 ἐκ,
933 875 979 900 π.
1003 874 1047 912 μ.
1074 859 1257 901 Aristides
1274 874 1350 915 pro
1368 861 1481 903 Rhet.
1503 876 1545 917 p.

285 914 358 968 183
379 915 436 956 ed.
459 915 680 957 Canterian.
704 913 845 955 Wass.

345 973 421 1010 ead.
447 971 472 1010 l.
500 983 557 1009 11.
581 967 735 1021 Πᾶσαι)
751 967 915 1008 Ἅπασα.
943 967 1013 1009 Ar.
1034 966 1082 1009 C.
1107 968 1312 1023 quomodo
1339 967 1546 1025 saepiffime

279 1022 384 1064 alibi.
413 1024 693 1078 Hippocrate5‚
718 1022 945 1063 Herodotus
975 1021 1131 1076 passim,
1162 1023 1205 1064 δι
1225 1022 1277 1064 fic
1309 1022 1412 1065 forte
1441 1024 1547 1078 apud

280 1090 373 1132 eum
394 1090 442 1118 ex
459 1077 532 1118 Ms.
549 1077 598 1118 A.
623 1077 658 1117 le
685 1076 826 1117 endum
848 1076 904 1117 111
917 1107 943 1125 ‚.
958 1089 1018 1124 14.
1041 1075 1173 1126 Plato,
1193 1076 1247 1118 D.
1270 1077 1398 1119 Hanc.
1417 1077 1466 1128 ἐι,
1482 1078 1547 1120 hic

279 1130 529 1186 ἁθροιστυὼν,
552 1130 581 1172 fi
609 1132 646 1172 ni
677 1131 872 1171 cationem
896 1129 1067 1170 intendit.
1098 1130 1224 1170 IDEM.
1499 1180 1505 1185 p

347 1187 438 1241 Pag.
467 1186 556 1227 206.
595 1217 603 1226 .
630 1197 663 1239 ς.
690 1184 793 1237 Πεζξῖ
803 1188 822 1236 )
850 1184 1023 1238 Quidam
1053 1184 1172 1238 πεζοί.
1199 1185 1273 1226 Sed
1293 1184 1423 1227 noster
1446 1198 1546 1229 num

277 1250 397 1294 quam
424 1241 478 1281 ita
500 1239 686 1294 loquitur.
709 1239 835 1279 IDEM.

349 1297 423 1334 ead.
447 1296 470 1334 l.
504 1308 562 1335 10.
586 1291 828 1342 Θαλάσσης)
858 1291 1046 1333 Nonnulli
1067 1291 1283 1334 θαλάττης.
1304 1292 1365 1333 Ita
1382 1293 1450 1334 vix
1469 1305 1548 1336 no-

276 1346 374 1395 ster,
402 1361 530 1403 neque
552 1347 710 1402 Tragici
729 1358 890 1388 veteres.
909 1346 1034 1387 IDEM.
1060 1347 1151 1387 Vid.
1174 1346 1276 1401 supr.
1296 1347 1343 1387 ad
1370 1361 1406 1390 c.
1430 1348 1518 1400 138.

331 1404 423 1457 Pag.
450 1415 538 1455 207.
565 1403 589 1442 l.
621 1416 658 1450 4.
680 1400 740 1443 Μὴ
767 1400 927 1451 ἱκανῶν)
952 1400 1012 1443 Μὴ
1039 1398 1118 1454 οὐχ
1148 1399 1280 1443 ἱκανῶν
1304 1400 1366 1442 Cl.
1392 1401 1545 1456 elegan-

274 1466 345 1498 ter.
370 1457 451 1498 vid.
473 1470 506 1498 c.
551 1469 598 1496 10
624 1456 667 1498 δι
687 1469 750 1508 77.
774 1456 901 1496 IDEM,

330 1514 406 1552 ead.
429 1512 453 1551 l.
480 1525 512 1566 5.
537 1509 787 1564 Ὀλὸφυρσιν)
816 1511 907 1550 Huc
935 1507 1101 1550 fortaffis
1127 1508 1315 1564 pertinet,
1342 1509 1450 1564 quod
1474 1523 1546 1550 an-

274 1575 387 1606 notat
407 1563 576 1618 Dionys.
605 1564 799 1606 Halicarn.
819 1564 908 1616 Περὶ
930 1563 1005 1604 τῶν
1029 1563 1193 1603 munus.
1215 1563 1434 1616 ἰὸιωμέιτων
1454 1577 1543 1619 pag.

278 1632 379 1671 134,
405 1618 679 1673 Thucydidem
701 1631 775 1672 pro
802 1618 932 1660 verbis
950 1618 1113 1659 nomina
1138 1630 1307 1672 ponere,
1328 1628 1372 1659 ut
1391 1617 1544 1673 ὀλόφυρ-

273 1687 331 1714 σιν
380 1686 428 1715 ro
447 1672 775 1737 ἀπολοφὺροισδξιι.
849 1725 858 1739 ,
1009 1724 1019 1741 Ι

271 1741 432 1821 amsii}
451 1727 817 1822 {23555353253‘2'5
840 1723 1542 1834 3355‘3'50‘45355){timet-{³333

271 1835 312 1875 in
338 1836 453 1876 Notis
472 1836 569 1877 haec
597 1834 762 1877 eiusdem
782 1848 805 1874 a
831 1834 941 1874 didit:
970 1834 1082 1874 Alius
1108 1843 1213 1874 certe
1236 1834 1288 1874 ita
1311 1834 1432 1875 verba
1454 1834 1544 1875 col-

271 1888 447 1939 locasset,
475 1888 531 1931 νῦν
555 1888 601 1928 δὲ
624 1889 776 1929 τούτους
797 1887 1117 1940 ἀποπέμψωμεν,
1140 1887 1447 1940 ἀποκρινάμενοι,
1468 1892 1542 1928 Με-

272 1944 421 1997 γαρέας
442 1943 512 1995 μὲν
544 1944 618 1985 &c-
643 1943 717 1984 Sed
748 1941 921 1983 nostrum
946 1942 1050 1983 hunc
1071 1940 1293 1996 scriptorem
1319 1941 1455 1982 eodem
1483 1943 1542 1983 di-

271 1996 365 2037 xiffe
384 1999 504 2039 modo
522 1998 700 2038 videmus
720 1998 760 2037 in
783 1998 853 2044 iis,
880 2009 980 2051 quae
1003 1996 1186 2036 concioni
1207 1995 1426 2037 Archidami
1476 2009 1541 2036 ro-

269 2051 372 2091 xime
389 2051 583 2105 subiungit
603 2052 667 2099 ΙΙ,
700 2065 768 2101 ι2ε
794 2050 955 2091 Tocbvse
977 2049 1088 2090 εἰπὼν
1108 2045 1314 2103 ἑπορειῖετω
1337 2049 1395 2090 ὅτι
1418 2046 1438 2091 ἱί
1471 2064 1488 2089 ε
1513 2047 1537 2092 ἦ

269 2102 391 2156 ὕμέρα.
410 2106 486 2146 διε.
519 2106 567 2145 ab
590 2105 670 2146 alio
691 2106 792 2146 enim
816 2104 877 2145 hic
908 2105 1036 2146 itidem
1062 2103 1170 2144 aliter
1196 2103 1387 2144 collocata
1415 2103 1539 2144 verba

269 2157 443 2200 fuiffent:
473 2160 549 2200 hoc
571 2159 749 2199 videlicet
774 2158 894 2200 modo
910 2189 923 2207 ‚
948 2156 1168 2212 ἐπορεύετο,
1201 2156 1357 2198 τοσόνέε
1393 2156 1507 2198 εἰπὼν
1522 2187 1539 2207 ,

270 2212 329 2254 ’ὅτι
351 2209 422 2254 fise
445 2212 466 2255 ἦ
497 2210 563 2264 ὗμ.
589 2213 740 2253 5ΤΕΡΗ.

317 2270 398 2307 ead.
423 2268 447 2306 l.
467 2282 504 2316 4.
537 2267 808 2313 Ξενηλασίας)
829 2266 895 2307 De
917 2264 1118 2318 ξενηλασίᾳ
1143 2263 1536 2305 Lacedaemoniorum

268 2322 393 2363 multa
416 2319 686 2375 congesserunt
715 2320 860 2361 Meurs.
893 2321 931 2360 II
959 2318 1165 2360 Miscellan.
1200 2319 1377 2359 Laconic.
1407 2332 1432 2371 9
1451 2347 1462 2365 ‚
1494 2318 1538 2358 δι’.

269 2375 388 2429 Crag.
422 2375 469 2418 de
503 2374 671 2430 Republ.
703 2374 923 2415 Lacedaem.
948 2373 1030 2422 III,
1061 2385 1094 2425 3.
1123 2372 1195 2413 Sed
1223 2373 1282 2413 hic
1312 2385 1447 2426 parum
1475 2384 1542 2412 re·-

269 2429 331 2470 &e
356 2442 404 2470 ex
434 2430 510 2470 hoc
537 2429 628 2470 loco
656 2428 899 2480 Thucydidis
924 2426 1052 2477 scribit
1068 2458 1082 2475 ,
1117 2426 1314 2477 Periclem⁴
1332 2425 1536 2466 mittendos

268 2482 450 2526 censuiffe
482 2483 632 2540 legatos
667 2482 716 2524 ad
740 2482 1087 2532 Lacedaemonios,
1110 2481 1300 2535 petituros
1318 2480 1416 2522 inter
1437 2475 1539 2529 alia}
