1670 3094
286 206 381 255 402
489 187 1360 238 ANNOTATIONES

287 278 369 317 aliis
387 274 542 316 Καίετον
559 274 625 316 vel
646 276 824 324 Καιετὶς,
847 275 943 315 locus
969 272 1124 328 effbffits,
1149 272 1215 314 vel
1237 287 1344 314 terrae
1362 273 1563 327 dehiscent&

287 344 442 384 ruptura.
457 328 688 370 Huiusmodi
709 339 894 383 rupturae
912 341 1001 369 cum
1018 327 1238 382 frequentes
1251 327 1392 368 fuerint
1409 329 1448 368 in
1460 341 1563 382 agro

288 384 484 425 Laconico
497 413 509 432 ‚
528 382 615 424 sunt
631 383 701 437 qui
721 383 1012 423 Lacedaemona
1032 382 1121 422 inde
1142 382 1192 422 ab
1220 382 1399 423 Homero
1423 379 1493 434 (Il.
1511 381 1561 429 β’,
1607 421 1611 425 ,

288 453 332 479 v.
352 437 437 493 581.
451 441 469 488 )
494 437 758 478 καιετέιεσσαν
777 436 887 491 (non
910 448 954 476 ut
974 435 1098 490 vulgo
1118 434 1291 476 scribitur
1315 436 1562 484 κητωέσσαν)

293 493 371 533 dici
393 491 578 532 statuunt.
605 490 665 531 Sc.
689 491 749 530 ’ότι
772 490 804 530 οἱ
836 490 916 530 ἀπὶ)
940 489 1014 531 τῶν
1043 489 1208 540 σεισμῶν
1232 489 1383 543 ῥωχμοὶ
1418 498 1489 542 (ut
1509 490 1566 529 ait

288 545 457 599 Strabo)
497 544 642 584 καιετοὶ
675 543 878 597 λέγονται.
906 544 1010 585 Vide
1042 543 1272 584 Strabonem
1301 544 1326 584 1.
1359 544 1383 584 8
1443 572 1453 583 .
1486 544 1565 598 367

290 600 350 641 ed.
362 599 447 639 Par.
469 598 511 638 &
529 597 698 638 Eustath.
718 598 765 637 ad
779 597 944 637 Homeri
958 596 1036 638 Od.
1057 595 1110 643 θ’,
1131 611 1172 637 ν.
1198 610 1228 636 1.
1248 597 1386 638 Huns.
1407 557 1473 637 sse
1486 609 1567 638 vo-

291 667 336 695 ce
357 651 514 693 Κείιέοις
534 652 613 693 vid.
636 651 741 692 Paul.
762 651 844 691 Leo
872 651 950 691 ard.
973 650 1067 691 XIII
1085 650 1245 690 Emend.
1276 665 1323 701 14
1338 681 1351 697 ,
1369 651 1410 692 δι
1429 651 1567 691 Meur-

291 707 334 748 sii
363 705 609 747 Miscellanea
629 705 821 746 Laconica
848 665 906 745 ΙΙὶΙΙ
920 735 932 751 ,
955 717 994 755 7.
1027 704 1175 744 WAss.
1201 704 1297 744 Non
1325 704 1450 746 solum
1481 709 1569 744 Kat-

292 761 402 801 o'tsac
417 792 430 811 ,
451 761 494 800 &
515 759 671 800 Κεάδας
684 788 697 810 ‚
723 772 864 800 verum
889 759 1006 799 etiam
1031 760 1205 798 Καιάτοις
1227 758 1270 797 δι
1289 758 1455 799 Καιέτοις
1477 757 1569 799 scri-

295 816 413 856 bitur.
434 813 529 854 Vid.
548 827 651 867 quos
669 813 827 853 laudant
850 812 1042 867 Leopard.
1063 811 1106 851 δι
1126 809 1330 852 Meurfius.
1354 811 1507 852 Suidam
1525 812 1569 852 in

293 870 480 923 βάραθρον
493 899 506 918 ,
527 867 706 917 Kaisar,
726 867 768 908 &
787 865 993 915 Καιέιὲοις,
1015 865 1183 906 Eustath.
1203 866 1245 905 in
1265 865 1309 906 11.
1336 864 1385 914 β’,
1411 879 1452 920 p.
1474 879 1568 920 294,

292 922 465 964 Casaub.
499 922 547 962 ad
574 922 700 963 strab.
734 920 817 969 ΙΙΙ,
843 935 914 974 233
931 951 944 970 ,
969 920 1012 961 δι
1037 919 1160 969 VIII,
1188 919 1287 972 367,
1310 918 1351 960 δι
1378 918 1563 960 Bochart.

295 978 460 1018 Hieroz.
476 975 520 1024 1,
545 988 588 1028 3,
613 990 626 1015 ι
638 988 670 1028 3.
689 974 814 1028 Quod
833 986 962 1015 autem
981 975 1168 1029 Leopard.
1192 973 1293 1028 apud
1313 971 1572 1013 Ammonium

294 1032 335 1072 in
359 1031 567 1084 βάραθρον,
587 1043 661 1084 pro
686 1030 738 1070 εἰς
759 1031 822 1070 τὶν
847 1028 982 1069 Κεάέοι
1007 1028 1184 1068 emendat
1204 1027 1256 1068 εἰς
1279 1029 1342 1067 τὶν
1365 1026 1573 1076 Κοιιέιέαν,

297 1087 335 1126 id
355 1085 515 1140 propius
537 1084 585 1123 ad
613 1083 844 1137 scripturam
870 1082 1074 1136 vulgatam
1097 1082 1240 1135 corrigi
1258 1091 1409 1135 poterat
1433 1079 1487 1120 εἰς
1506 1083 1573 1121 τὶν

297 1139 468 1234 Κεέιέἐαν.
491 1137 619 1180 Schol.
640 1136 788 1179 Caffen.
811 1138 876 1178 hic
895 1150 1053 1191 quoque
1074 1135 1252 1185 Κεάὲοις,
1273 1147 1355 1176 non
1370 1133 1574 1183 Καιάέας,

299 1205 344 1235 ut
413 1194 501 1234 itus.

357 1247 451 1295 Paz.
476 1260 560 1300 190.
581 1246 608 1286 l.
630 1245 833 1298 4.”Ετυχε
852 1246 937 1298 ‘72⁶³’
958 1243 1225 1299 ὠστρακισμ.)
1249 1241 1316 1283 De
1339 1240 1576 1283 Ostracismo

300 1302 390 1342 vide
410 1291 601 1342 Plutarchi
624 1299 839 1349 Aristiden,
865 1297 1090 1339 Diodorum
1126 1297 1297 1338 Siculum
1324 1295 1389 1336 lib.
1416 1296 1500 1344 XI,
1533 1296 1576 1336 δι

301 1354 464 1396 Meurfii
488 1354 609 1395 Attic.
628 1353 733 1394 Le&
757 1354 782 1393 l.
816 1366 858 1407 5,
878 1365 912 1394 c.
944 1366 1001 1406 13.
1020 1354 1160 1393 HUDs.
1180 1351 1269 1392 Vid.
1291 1350 1513 1391 Diodorum
1535 1363 1576 1405 p.

302 1411 380 1463 269
406 1409 439 1449 d.
463 1408 657 1449 Plutarch.
682 1407 883 1462 Apophth.
913 1406 999 1460 185.
1023 1408 1170 1447 WAss.

357 1465 449 1516 Pag.
482 1476 566 1517 191.
590 1464 616 1502 l.
632 1484 635 1487 «
653 1475 686 1500 ι.
714 1458 766 1501 of
782 1460 959 1514 χωροίη)
983 1460 1068 1501 Mff.
1093 1460 1250 1514 quidam
1272 1456 1319 1510 ij',
1337 1469 1382 1499 ut
1398 1457 1440 1499 su
1467 1470 1511 1498 ra
1537 1469 1578 1498 c.‘

302 1517 471 1612 73.Vx}id.
490 1516 741 1571 Aristophan.
764 1515 815 1558 A.
840 1515 932 1570 836.
956 1513 1097 1556 Noster
1120 1512 1210 1555 alibi
1230 1513 1273 1555 δι
1293 1471 1578 1554 Demoil'henes

304 1575 352 1613 οἱ.
435 1582 518 1612 Ass,
1368 1602 1374 1606 .

358 1628 433 1665 ead.
459 1626 484 1666 I.
518 1637 551 1678 3.
577 1623 846 1674 Καταλῧσαι)
874 1622 1010 1664 Suidas
1037 1621 1074 1662 h.
1109 1636 1150 1664 v.
1175 1634 1263 1676 agn.
1288 1618 1432 1661 scholia
1465 1631 1578 1660 more

304 1678 378 1721 suo
401 1678 534 1720 furtim
554 1678 780 1732 sublegens,
804 1675 941 1719 omissa
958 1689 1064 1718 voce
1086 1691 1133 1716 κυ
1157 1676 1230 1716 ίως.
1252 1673 1426 1727 Etymol.
1450 1675 1580 1714 minus

306 1744 487 1775 accurate
515 1733 728 1782 καταλύω,
751 1731 852 1772 τελῶ
884 1731 951 1772 τὴν
975 1730 1076 1772 ὁδόν.
1152 1728 1290 1779 loffae,
1313 1727 1497 1769 καταλύω
1523 1726 1578 1768 εἰς

304 1786 548 1841 πανὸοχεῖον
569 1787 745 1828 deverto.
767 1787 858 1828 Vid.
879 1785 1078 1826 Pollucem
1097 1784 1227 1838 I,.73.
1251 1783 1380 1823 IDEM.

362 1845 437 1882 ead.
458 1843 484 1881 l.
508 1843 544 1883 6.
566 1841 794 1894 Καθίζεσῢοιι
815 1839 880 1881 ἐπὶ
905 1841 971 1879 τὴν
994 1837 1158 1890 ἑστίαν)
1183 1839 1274 1878 Hoc
1297 1849 1378 1877 non
1396 1844 1480 1876 erat
1497 1844 1578 1876 tam

303 1896 416 1950 fidere
434 1899 484 1936 ad
492 1895 634 1949 fhcum,
656 1895 729 1949 (ut
749 1893 926 1935 nonnulli
946 1891 1111 1948 putant)
1131 1904 1252 1945 quam
1272 1891 1404 1930 haerere
1423 1890 1476 1929 illi
1496 1904 1580 1928 aru-

310 1952 364 1990 lae
384 1949 448 1991 vel
477 1951 604 1990 larario
618 1979 630 1997 ‚
654 1948 763 2003 quod
791 1949 839 1988 ad
859 1947 991 1989 focum
1024 1946 1182 1987 excitari
1201 1945 1358 1986 solitum
1384 1953 1492 1992 erat,
1512 1941 1582 1983 ubi

310 2005 370 2044 ius
399 2002 491 2044 esset
523 2002 713 2052 ἀσυλίας,
745 2003 782 2043 id
811 2000 887 2051 est,
919 2004 1006 2042 unde
1038 2000 1144 2040 avelli
1175 1995 1274 2053 nefizs
1303 1997 1390 2052 effic.
1410 1997 1512 2037 Nam
1536 1996 1579 2037 δι

309 2058 533 2110 καθίζεσθαι
558 2056 779 2109 Hesychius
800 2069 850 2097 ex
878 2055 966 2096 licat
990 2054 1320 2109 προσάπτεσθαι,
1342 2052 1506 2105 arripere,
1531 2062 1582 2090 te-

312 2127 409 2161 nere,
436 2122 479 2151 ut
504 2110 703 2160 solebant,
726 2110 794 2165 qui
815 2124 838 2151 a
887 2122 972 2150 aras
993 2105 1407 2170 confugiebant.-Vide
1432 2101 1583 2145 casana

312 2166 408 2206 boni
428 2165 696 2205 Animadvers.
721 2165 762 2204 in
780 2162 1021 2217 Dionysium
1044 2158 1371 2202 Hahcamaffeum
1384 2188 1397 2208 ,
1415 2157 1440 2198 l.
1469 2156 1493 2196 8
1507 2187 1522 2205 ,
1540 2171 1582 2212 p·

1652 906 1670 1635 -·m·oQ-fi-Afi„umm-ffi.
1662 810 1670 896 ὠ.»
1665 782 1670 794 -
1662 735 1670 766 ,w
1668 720 1670 722 .
1660 632 1670 699 z»...

312 2218 405 2268 481.
421 2219 561 2259 Huns.
584 2218 781 2273 Scriptura
798 2218 988 2258 librorum
998 2247 1011 2266 ,
1026 2213 1093 2270 qui
1104 2215 1247 2255 habent
1261 2213 1326 2254 ἐπὶ
1343 2209 1411 2252 τῐῐς
1431 2210 1585 2260 ἑστίαις,

312 2272 464 2314 defendi
497 2271 622 2327 potest
647 2271 873 2312 auctoritate
902 2268 1072 2330 Dionys.
1100 2267 1224 2310 Halic.
1247 2267 1272 2307 l.
1297 2266 1333 2306 d.
1361 2265 1489 2306 ἱκέτης
1511 2261 1581 2305 τοῦ
1666 2270 1670 2271 ’

315 2327 453 2380 ἁνὲρδς
468 2326 621 2380 γίνεται
644 2325 883 2376 καθεζόμενος
896 2325 960 2364 ἐπὶ
981 2338 1052 2363 της
1073 2320 1218 2363 ἑστίαις.
1232 2321 1335 2363 Nam
1350 2319 1472 2360 videri
1490 2327 1583 2372 pot·⁴

315 2381 370 2422 est
394 2382 488 2421 haec
510 2378 679 2421 scribens
701 2390 790 2420 ante
816 2378 955 2419 oculos
979 2374 1151 2417 habuisse
1175 2375 1298 2417 verba
1323 2372 1580 2425 Thucydidis.
1662 2403 1663 2407 ,

316 2436 528 2475 Admetum
547 2434 741 2474 inimicum
760 2432 868 2475 fuiffe
883 2429 1150 2481 Themistocli,
1166 2430 1284 2472 etiam
1296 2427 1478 2470 Aristides
1492 2424 1582 2472 scri·⁴

318 2490 376 2530 bit
394 2489 512 2530 Tom.
537 2488 594 2529 111
609 2519 621 2539 ,
637 2502 675 2544 p.
701 2487 788 2543 385.
