1670 3094
288 225 348 260 10
579 210 1262 259 THUCYDIDIS

283 297 516 365 namma&
545 305 693 373 ὁμοίως
718 301 956 395 ερωτωντες,
988 310 1022 356 εἰ
1047 307 1215 371 ληστοοί
1234 309 1347 357 εἰσ-ιν·
1374 302 1432 364 ὥς
1459 327 1548 358 ουτε

284 383 336 431 ὡν
360 376 627 431 πυνθοονοντοοι
652 376 941 442 ἀπαξιουντων
968 403 1012 431 το
1039 377 1183 469 ἔργον,
1204 378 1260 438 οἱς
1286 380 1322 432 τ’
1346 373 1550 452 ἒπιμελες

270 455 340 517 ἐἴη
360 450 525 509 eidem,
548 478 623 507 ουκ.
645 453 907 520 ὀνειδιζόντων.
929 451 1135 520 ἐληιξοντο-
1144 448 1191 507 δε
1209 479 1287 508 κοοι
1313 457 1411 508 κατ’
1430 478 1551 518 nma-

282 554 342 603 ρον
367 527 606 590 ἀλληλους.
642 553 722 582 nou
747 553 876 622 μεχρι
908 531 1023 583 τοῧὸε
1047 529 1209 586 πολλοι
1234 557 1306 592 της
1333 531 1551 590 Ελλοιὸος

283 606 345 677 τῷ
383 606 574 678 ποολοιιῷ
594 630 750 695 τροπῳ
791 604 979 678 νέμεται,
1023 613 1122 679 περί
1152 629 1198 659 τε
1239 605 1437 701 Λοκρους
1459 631 1551 666 τους

282 682 501 746 Οζολοος,
538 678 615 733 noe}
653 680 892 740 Αἱτωλους,
929 705 1008 734 κοοι
1042 683 1327 755 Ἀκαρνᾶνας,
1362 705 1441 736 κοοι
1481 707 1552 744 την

268 778 413 824 'return
450 755 620 830 ἤπειρον.
662 758 714 808 τὸ
724 795 736 812 ,
773 779 819 809 τε
862 757 1233 832 σιδηροφορεισθοοι
1273 756 1426 818 τούτοις
1468 782 1551 816 τοις

282 832 533 923 ἦπειρῶτοιις
557 829 649 885 ἀπο
675 856 746 894 της
771 835 983 892 ποολοοιοῖς
1007 840 1210 901 ληστειόος
1234 831 1515 927 ἐμμεμένηκε.

359 932 437 999 στ.
472 909 628 961 Ham
659 931 752 977 ‘yae
780 912 804 971 ἦ
836 906 1010 968 Ελλοος
1038 910 1327 983 ὲσιὸηροφορει,
1363 907 1436 962 Aba
1468 906 1551 968 τοις

283 984 536 1058 οοφροοκτους
552 1007 598 1037 τε
618 983 815 1046 vinnom,
836 1009 915 1037 nou
935 990 1012 1038 οὐκ.
1029 989 1260 1050 ἀσφοολεις
1277 987 1383 1054 παρ’
1401 984 1552 1047 ἀλλη-

283 1075 384 1120 λους
403 1061 587 1121 εφοὸους
609 1083 687 1113 κοοι
707 1055 905 1124 ξυνήθη
862 1085 932 1123 την
958 1062 1120 1114 ὃιόοιτοον
1143 1063 1236 1133 μεθ’.
1261 1060 1408 1115 ὅπλων
1435 1064 1551 1114 ἐπ-οι·-

282 1160 457 1199 ησοιντο,
479 1159 624 1205 ωσπερ
644 1143 679 1189 οἱ
701 1136 935 1211 βοορβοοροι.
957 1160 1121 1209 σημειον
1145 1139 1221 1190 δ”
1210 1159 1300 1193 εστι
1317 1137 1464 1232 τοοῧτοο
1479 1162 1552 1199 της

282 1210 550 1272 ‘''EAMZAEQ
526 1237 585 1265 ετι
610 1211 713 1265 οὕτω
733 1213 962 1285 νεμόμενοι,
982 1238 1060 1266 των
1084 1236 1188 1266 ποτε
1210 1235 1289 1266 κοιι
1315 1216 1356 1272 ἐς
1380 1213 1552 1272 πάντας

282 1293 428 1360 ὁμοίων
449 1289 786 1361 ὢοοιτημοίτωνᾞ
775 1312 812 1342 εν
836 1314 918 1348 τοις
939 1289 1096 1365 πρῶτοι
1121 1282 1168 1342 ὃε
1194 1290 1394 1351 Ἀθηναῖοι
1417 1313 1482 1343 τον
1504 1311 1551 1342 τε

282 1445 404 1487 modo
429 1446 721 1501 interrogantur
736 1477 748 1496 ‚
770 1445 961 1500 numquid
984 1443 1058 1486 sint
1079 1445 1271 1487 latrones:
1295 1445 1404 1501 quod
1426 1456 1554 1499 neque

280 1515 360 1565 illi,
384 1530 486 1570 quos
506 1517 748 1570 interrogant
761 1545 774 1565 ,
797 1514 942 1556 fa&um
960 1525 1005 1555 ut
1027 1513 1065 1555 se
1090 1515 1293 1570 indiguum
1315 1514 1555 1563 infitientur‚

280 1598 352 1628 nec
372 1587 449 1637 illi,
470 1588 611 1642 quibus
628 1599 750 1628 curae
772 1585 847 1635 est,
872 1599 955 1627 rem
977 1599 1026 1627 ex
1050 1586 1121 1627 illis
1143 1586 1261 1638 scire,
1283 1587 1360 1628 hoc
1380 1585 1470 1642 ipsis
1487 1598 1555 1626 ex-

257 1678 260 1682 ·
281 1654 483 1708 probrent.
514 1655 561 1696 In
589 1654 878 1696 mediterraneis
902 1655 1017 1695 etiam
1044 1654 1108 1695 alii
1131 1654 1230 1696 alios
1256 1655 1552 1711 praedabantur.

281 1723 331 1764 Et
349 1725 397 1764 ad
417 1725 495 1766 hoc
507 1725 631 1780 usque
651 1735 806 1780 tempus
820 1725 932 1767 multi
953 1719 1145 1767 Graeciae
1164 1727 1298 1782 populi
1317 1725 1448 1783 prisco
1468 1739 1555 1767 mo-

266 1807 323 1835 -re
343 1795 513 1846 vivunt,
535 1807 581 1837 ut
600 1796 741 1845 Locri,
767 1796 838 1849 qui
862 1794 1014 1836 Ozolae
1031 1806 1250 1844 vocantur,
1271 1795 1316 1836 δι
1338 1794 1492 1845 Aetoli,
1510 1794 1553 1835 &

280 1862 517 1914 Acarnanes,
545 1864 589 1904 δι
608 1865 676 1918 qui
697 1862 904 1904 finitimam
926 1864 1068 1904 horum
1090 1877 1188 1918 agro
1209 1864 1469 1905 continentem
1492 1862 1552 1902 in-

280 1934 429 1976 colunt.
454 1935 567 1989 Quin
588 1936 708 1976 etiam
730 1933 807 1990 ipse
826 1949 1027 1976 armorum
1050 1933 1319 1988 gestandorum
1342 1948 1430 1976 mos
1450 1933 1553 1989 apud

280 2004 356 2045 hos
377 2006 609 2046 continentis
631 2005 778 2046 incolas
799 2019 850 2046 ex
874 2006 1001 2048 veteri
1025 2004 1321 2047 latrociniorum
1344 2002 1552 2046 consuetu·

279 2074 367 2115 dine
394 2076 613 2130 permanfit.

334 2144 417 2185 VI.
446 2143 590 2185 Omnis
610 2146 713 2185 enim
733 2145 897 2188 Graecia
921 2109 1091 2200 gestabat
1114 2158 1244 2195 arma,
1260 2155 1345 2187 tum
1366 2144 1459 2199 quia
1481 2142 1553 2183 do-

255 2239 257 2241 ·
279 2214 423 2256 micilia
445 2215 558 2256 nullis
589 2217 872 2258 munitionibus
903 2217 1008 2272 septa
1040 2214 1258 2264 habebant,
1289 2225 1376 2255 tum
1409 2214 1552 2260 etiam,

252 2300 255 2306 ¹
280 2285 372 2339 quia
397 2294 486 2326 tuto
510 2297 732 2326 commeare
758 2284 864 2325 ultro
889 2285 1068 2338 citroque
1091 2294 1173 2322 non
1194 2289 1398 2336 poterant:
1424 2278 1467 2319 81
1491 2277 1550 2318 vi-

279 2363 344 2393 tae
363 2365 486 2407 genus
505 2353 620 2394 armis
639 2351 825 2407 gestandis
842 2350 1030 2391 affuetum
1042 2379 1054 2399 ,
1074 2360 1120 2389 ut
1141 2348 1318 2398 barbari,
1331 2345 1552 2388 coluerunt.

283 2419 470 2462 Graeciae
491 2431 621 2462 autem
644 2419 808 2475 populi,
825 2419 895 2474 qui
917 2430 1023 2458 nunc
1042 2417 1160 2458 etiam
1183 2417 1239 2456 ita
1262 2416 1432 2465 vivunt,
1450 2413 1550 2457 fimi-

283 2490 334 2532 lia
353 2490 458 2535 vitae
478 2489 646 2532 instituta
666 2488 762 2531 olim
785 2487 828 2529 &
848 2486 951 2543 apud
976 2498 1114 2527 omnes
1137 2482 1244 2526 fuisse
1264 2482 1461 2525 testantur.
1485 2481 1550 2523 In-
