1670 3094
321 183 415 246 356
524 177 1391 228 ANNOTATIONES

373 272 448 310 ead.
477 269 502 310 l.
539 282 597 320 13.
625 266 922 320 Neco‘rspovromi)
947 268 1007 308 Ita
1036 267 1202 308 Codices
1226 267 1267 308 &
1291 267 1529 310 scholiastae·
1548 270 1589 313 in

317 323 504 376 Thucyd.
527 324 768 376 Hermogen.
795 336 832 376 p.
865 335 959 374 133,
989 321 1043 362 D.
1071 322 1195 362 Halic.
1222 335 1261 375 p.
1288 336 1364 376 2¹9
1397 323 1445 363 ad
1470 323 1588 376 ὅξιιιέ-

320 382 439 428 σθαι,
463 377 534 432 qui
558 379 614 417 τὰ
638 375 847 428 ἀναγκαῖοι
871 389 953 417 non
973 375 1072 430 male
1094 375 1360 431 repraesentat.
1383 377 1472 418 vide
1490 391 1588 419 eun·

318 432 405 473 dem
433 445 470 486 p.
500 444 596 480 220,
616 443 680 483 45.
702 430 830 483 IQEM.

373 487 464 540 Pag.
490 485 554 537 98.
575 486 600 524 l.
640 498 670 522 1.
703 484 807 524 Αὑθις
829 482 876 523 ἒὲ
903 481 938 522 οἱ
958 482 1054 537 μὲν)
1085 482 1168 538 Ipse
1189 483 1408 537 Dionysius
1433 484 1587 539 elegan-

291 573 294 575 .
317 540 412 580 tiam
436 538 595 579 huiusce
616 536 692 577 loci
714 538 754 576 in
773 537 991 578 Rhetoricis
1016 548 1196 587 annotat3
1213 538 1254 579 &
1276 539 1315 578 in
1331 538 1500 579 Historia
1521 538 1589 581 sua

317 608 356 649 p.
388 607 460 647 355
486 592 538 633 stc
556 592 752 632 imitatur:
775 590 827 630 s?
855 589 895 631 ἣν
915 591 980 630 καὶ
1004 593 1115 645 ’παρὰ
1135 591 1287 645 ’γνώμην
1308 593 1503 644 τολμηταὶ
1519 594 1589 647 ‘7¹‘-

317 648 443 690 νονταί
465 660 561 687 τινες
584 645 650 684 καὶ
683 647 792 697 παρὰ
823 642 985 695 δύναμιν
1013 645 1218 696 μαχηταί.
1251 645 1385 687 Livius
1415 647 1528 687 etiam
1561 648 1589 688 1.

318 716 369 754 45
387 733 398 750 ,
415 715 449 742 c.
478 715 499 739 2
537 730 548 747 ,
569 701 606 740 in
627 700 806 740 oratione
829 698 1044 752 legatorum
1063 698 1311 740 Rhodiorum
1332 700 1463 742 locum
1482 701 1586 743 hunc

318 755 458 795 Latine
477 767 499 795 e
548 754 830 807 interpretatus.
855 754 1110 804 Athenienfium
1124 754 1312 807 populum,
1329 754 1474 808 inquit,
1480 753 1587 807 fizma
1668 787 1670 790 .

318 812 364 863 est
381 809 514 849 celerem
537 809 573 847 ὅ·
594 808 702 861 fitpra
726 809 815 847 vires
836 810 999 846 audacem
1017 806 1078 859 effi
1100 810 1150 846 ad
1169 811 1381 848 conandum.-
1409 809 1586 849 Lacedae·

319 865 469 904 monium
491 866 737 910 cunctatorem,
761 861 797 901 6·
819 863 885 900 vix
912 862 950 900 in
978 876 1042 907 ea,
1066 862 1187 914 quibus
1203 862 1309 913 fidit,
1337 863 1586 913 ingredientem.
1664 908 1665 912 Ἰ

317 918 458 958 HUDs.
484 916 755 957 Observarunt
782 915 860 956 hoc
888 915 1004 955 etiam
1036 915 1087 954 H.
1113 915 1245 969 Steph.
1271 914 1317 955 ad
1346 914 1474 956 Dion.
1494 917 1587 958 Hal.

318 971 367 1012 C.
397 970 519 1021 XVI,
541 971 582 1011 &
604 969 770 1011 casaub.
793 969 841 1010 ad
865 968 979 1009 eund.
1003 981 1089 1022 pag.
1118 968 1181 1008 26.
1206 969 1337 1023 Steph.
1362 983 1524 1024 quoque
1546 971 1587 1012 in

318 1025 558 1066 Dicaearchi
579 1022 797 1078 Symprast.
846 1054 853 1061 .
876 1024 927 1077 69
947 1021 1099 1072 scribit,
1125 1021 1163 1062 se
1189 1022 1236 1064 de
1258 1025 1334 1064 hoc
1361 1023 1456 1064 loco
1475 1024 1588 1064 Thu-

318 1080 471 1132 cydidis
499 1078 616 1133 egisse
648 1079 688 1118 in
715 1078 791 1118 suis
818 1037 1093 1118 ¹gehed'aasmat.
1118 1076 1159 1117 δι
1188 1077 1266 1117 duo
1292 1090 1342 1118 ex
1368 1090 1419 1118 eo
1448 1078 1586 1120 menda

318 1132 525 1175 sustulisse:
550 1133 596 1174 de
620 1146 702 1187 quo
732 1133 773 1172 in
793 1130 1018 1173 Schediasm.
1041 1130 1142 1171 illius
1164 1131 1274 1171 editis
1294 1130 1387 1171 nihil
1411 1132 1585 1173 invenio.
1658 1151 1662 1159 »

375 1191 442 1228 ead
470 1189 495 1227 l.
521 1203 555 1227 2.
576 1188 630 1227 Ἐν
656 1185 735 1226 τοῖς
765 1184 924 1238 ἐρινοῖς)
953 1185 1128 1238 Quidam
1155 1184 1242 1224 libri
1263 1184 1328 1226 ἐπὶ
1350 1187 1429 1226 τοῖς·
1454 1185 1495 1228 ἒ.
1522 1185 1586 1228 sed
1652 1230 1656 1235 ,

319 1242 444 1283 Dion.
465 1242 593 1282 Halic.
611 1241 647 1281 ἑν
673 1254 762 1281 cum
782 1240 863 1281 aliis
885 1238 971 1280 Mff.
995 1239 1039 1279 δι
1061 1238 1144 1280 edd.
1168 1241 1314 1279 WAss.

375 1300 450 1337 ead.
475 1298 499 1335 l.
522 1298 559 1336 6.
576 1294 842 1345 ’Amanum-raca
865 1309 910 1333 vr.
932 1292 1039 1346 ὲνὸ.)
1061 1293 1164 1347 Agn.
1184 1293 1322 1334 Pollux
1339 1293 1422 1342 IX,
1440 1308 1478 1348 9.
1495 1295 1587 1336 Vo-

319 1365 408 1393 cem
429 1350 504 1391 as.
526 1349 680 1390 servant
702 1347 917 1394 Hefiodus,
942 1347 1121 1400 Xenoph.
1147 1346 1383 1388 Aristoteles.
1406 1348 1488 1389 Lex
1516 1361 1587 1389 ve·
1648 1362 1650 1364 ’

320 1417 385 1446 rus
413 1405 514 1460 apud
548 1403 776 1450 Aeschinem
802 1403 842 1442 in
861 1402 965 1442 Tim.
991 1400 1099 1442 Μηδὲ
1128 1400 1284 1454 ἀρξάτω
1309 1402 1337 1440 ἐι
1357 1402 1437 1455 χὴν
1462 1402 1589 1454 μηθε-

320 1461 434 1513 μίιιν,
454 1455 546 1511 μήτζ
567 1461 814 1506 ΕΝΔΗΜΟΝ,
839 1456 932 1506 fane?
953 1459 1220 1496 rnsspomou.
1243 1455 1308 1496 Sic
1355 1456 1442 1497 εῖνον
1459 1455 1514 1506 τῷ
1533 1456 1586 1498 ἐν·
1645 1474 1648 1477 -

321 1513 435 1566 ὃῆμῳ
454 1513 622 1568 opponit
641 1511 844 1565 Theognis
859 1523 948 1565 792.
970 1509 1092 1550 Dion.
1114 1510 1310 1550 Halicarn.
1332 1510 1426 1550 Ant.
1443 1511 1500 1558 V,
1521 1525 1587 1578 55:
1643 1543 1645 1546 Α

322 1564 445 1608 Αὖταὶ
464 1571 631 1622 ’γίνονται
649 1565 814 1618 μηνυταὶ
839 1567 931 1618 πρὶς
954 1565 1018 1604 τὶν
1040 1566 1362 1603 ΕΝΔΗΜΟὙΝΤΑ
1383 1563 1458 1605 τῶν
1477 1561 1584 1604 ὑποι-

320 1635 408 1663 των.
430 1621 481 1662 fic
501 1621 616 1661 etiam
636 1618 854 1670 ἐκδημῆσαι
878 1618 1058 1659 Clemens
1079 1617 1272 1658 Alexand.
1293 1632 1426 1672 στρομ.
1449 1618 1525 1668 IV,
1546 1633 1587 1673 p.

321 1679 425 1724 640:
450 1677 721 1715 ΕΚΔΗΜΗΣΑΙ
742 1675 783 1714 ἐκ
804 1671 873 1713 τοῦ
899 1672 1076 1723 σώματος
1099 1671 1164 1711 »ἰαὶ
1191 1674 1463 1712 ΕΝΔΗΜΗΣΑΙ
1489 1676 1584 1726 πρὸς
1638 1695 1639 1699 =

321 1735 386 1771 τὸν
405 1729 506 1771 Θεόν.
520 1730 645 1770 IDEM.
660 1728 758 1768 Add.
775 1727 800 1767 S
830 1726 983 1767 anhem.
999 1726 1047 1766 ad
1064 1725 1215 1766 Callim.
1237 1726 1374 1779 hymn.
1393 1727 1434 1766 in
1450 1725 1586 1780 Apoll.

322 1800 364 1826 v.
388 1798 459 1837 13,
480 1784 521 1836 ὃς
541 1784 768 1836 interpretes
817 1781 952 1822 ollucis
970 1780 994 1820 l.
1013 1780 1047 1821 d.

376 1840 450 1879 ead.
471 1839 495 1878 l.
529 1852 586 1878 10.
608 1834 928 1888 Ἀναιπίπτσυσιν)
957 1833 1183 1875 Athenaeus
1203 1833 1271 1875 lib.
1303 1847 1346 1874 ιε
1368 1835 1413 1875 τὶ
1439 1833 1586 1875 ἀναντί-
1626 1859 1628 1862 >

321 1907 435 1934 πτειν
456 1891 582 1946 κυρίως
603 1891 668 1931 ἐπὶ
685 1887 826 1944 ’ψυχήν
850 1889 977 1936 imm,
1001 1883 1069 1928 οἷον
1092 1887 1265 1939 ἀθυμεῖν,
1285 1887 1488 1942 ὀλιγωρεῖν.
1512 1889 1586 1929 Ea·
1628 1920 1631 1921 γ

322 1949 410 1988 dem
429 1946 510 1988 fere
529 1946 649 1987 verba
671 1954 887 1986 occurrunt
907 1942 1009 1997 apud
1030 1941 1352 1982 Suidanu‘Huns.
1375 1943 1484 1982 Citat
1504 1943 1584 1983 Eu-

322 2002 430 2042 stath.
458 2015 495 2055 p.
523 2002 620 2049 1641
635 2028 647 2048 ,
672 2012 712 2052 7,
734 1998 777 2039 δι
798 1997 930 2039 Suidas
952 1997 992 2036 in
1017 1994 1248 2037 ἀναπίπτειν
1267 2008 1317 2037 ex
1335 1995 1524 2037 Athenaei
1542 1997 1587 2047 Ι,
1628 2004 1630 2007 ’

321 2070 361 2111 p.
386 2068 447 2107 23.
479 2057 626 2096 WAss.

376 2112 451 2149 ead.
483 2110 508 2149 l.
536 2122 596 2148 11.
622 2103 986 2160 Ἀλλοτριωτάτοις)
1013 2102 1100 2144 Scio
1125 2102 1291 2144 inveniri
1315 2101 1425 2143 aliam
1451 2102 1584 2144 lestio-

321 2177 412 2204 nem
425 2194 438 2212 ‚
457 2158 505 2202 ὦς
526 2160 784 2201 οἰκειοτάτοιςε
810 2172 949 2201 verum
967 2171 1016 2198 ex
1034 2157 1182 2198 scholio
1200 2170 1284 2197 eam
1305 2155 1486 2211 irrepsisse
1505 2171 1585 2198 ma·
1618 2163 1623 2167 '

321 2216 505 2258 nifestum
529 2214 595 2256 est.
615 2215 727 2255 Libet
750 2225 877 2254 autem
897 2212 1114 2261 ostendere,
1138 2222 1253 2264 quam
1275 2211 1412 2264 procul
1435 2224 1458 2250 a
1476 2224 1586 2252 men·
1614 2251 1615 2254 ,

323 2284 363 2313 te
387 2270 628 2323 Thucydidis
646 2268 856 2308 aberrarint
878 2267 1116 2320 interpretes.
1136 2264 1249 2305 Valla
1269 2265 1338 2304 ita:
1361 2265 1461 2316 Quin
1479 2265 1583 2306 etiam
1616 2271 1618 2274 ’

321 2328 361 2366 in
378 2325 589 2378 defendenda
613 2324 691 2362 urbe
711 2321 888 2374 minzsten‘o
910 2321 1177 2372 alieng'ffimorum
1194 2333 1320 2372 quoque
1337 2331 1499 2369 utuntur,
1517 2319 1584 2371 fid
1606 2327 1614 2353 2:

321 2381 457 2433 cotfilio
469 2379 671 2419 intimorum.
687 2374 812 2429 Quasi
827 2373 1003 2415 videlicet
1022 2372 1274 2424 Thucydides
1288 2372 1490 2414 vocabulo
1509 2371 1585 2412 σώ-
1606 2396 1612 2422 ,·

305 2449 424 2486 μασι
458 2433 513 2473 ita
538 2442 735 2481 uteretur,
758 2440 805 2471 ut
837 2440 888 2469 eo
920 2426 1013 2469 usus
1034 2426 1089 2468 est
1121 2426 1346 2481 quicunque
1375 2426 1454 2469 hoc
1478 2425 1583 2468 disti-

324 2489 442 2532 chum
464 2485 626 2542 scripsit:
