1670 3094
273 257 375 294 nv
574 213 1264 291 THUCYD‘JDJS

274 335 388 375 minis
418 334 732 391 appellationem.
768 334 929 388 Quibus
960 347 1010 376 ex
1032 335 1165 376 verbis
1190 333 1364 384 constat,
1391 332 1547 376 Suidam

274 402 405 430 errare
420 421 432 438 ‚
456 403 546 431 cum
565 389 652 430 dicit
671 389 945 442 Thucydidem
959 402 1163 443 paternum
1187 402 1312 443 genus
1331 389 1475 429 duxiffe
1497 390 1548 430 ab

275 443 362 497 ipso
381 443 514 484 Oloro
536 457 627 497 rege
645 443 861 486 Thracum.
894 443 998 483 Nam
1053 443 1116 484 uia
1137 454 1259 484 mater
1285 442 1361 484 fuit
1381 443 1548 484 oriunda

277 498 330 537 ab
351 497 507 545 Oloro,
528 497 690 538 inditum
712 498 813 551 patri
837 497 1025 549 Thucydi
1051 499 1084 538 is
1107 510 1255 538 nomen
1283 498 1349 538 avi
1373 498 1548 539 materni.

275 551 380 593 Vide
401 551 432 591 F
434 552 494 591 ab.
512 551 714 592 Paulinum
738 552 777 591 in
804 551 1075 603 Thucydidem
1097 551 1144 592 de
1162 551 1268 593 Peste
1285 551 1431 592 Athen.

277 658 305 700 S
333 605 426 698 Pit-lg.
448 606 632 646 XXXIII.
661 606 686 645 l.
706 603 743 645 8.
767 604 994 660 Τρέποντοιι)
1017 606 1102 646 Lib.
1121 605 1161 655 I,
1184 618 1269 661 cap.
1291 619 1338 660 59
1353 606 1447 655 ,ubi
1465 604 1546 646 vid.

306 670 344 700 te
403 689 412 698 .

369 726 427 766 ag.
442 713 630 754 XXXIV.
650 714 673 752 I.
691 725 723 764 3.
737 713 1082 763 ΘΟῪΚΎΔΙΔΗΣ)
1103 714 1219 754 Hanc
1232 712 1353 754 vitam
1362 711 1551 764 Thucyd.

279 766 330 808 ab
342 766 564 820 Anonymo
583 767 836 821 conscriptam
847 799 860 818 ‚
882 767 924 808 &
944 768 1047 808 editt.
1065 767 1153 808 Ald.
1169 767 1272 808 Flor.
1285 765 1367 807 Bas.
1380 766 1511 821 Steph.
1529 779 1548 806 1

279 820 518 876 praefixam,
541 822 860 875 interpretatione
871 822 1035 862 donavit
1049 819 1222 862 Barthol.
1236 821 1465 861 Parthenius
1474 820 1554 861 Be·
1598 850 1604 855 -

279 874 472 916 nacenfis:
504 874 567 915 sed
591 888 682 928 cum
702 875 898 916 nonnullis
921 877 962 915 in
980 875 1080 916 locis
1100 885 1269 916 mentem
1288 874 1456 917 auetoris
1470 887 1554 914 ma·

278 929 317 968 le
343 927 532 970 affecutus
558 928 629 979 fit,
655 930 739 969 eius
766 928 987 971 verslonem
1013 929 1213 984 paululum
1245 929 1552 970 immutavimus.

281 983 421 1035 (Haec
444 997 605 1038 quoque
633 983 672 1022 in
695 983 794 1037 Reg.
822 984 865 1024 δι
889 983 989 1025 Cass.
1015 983 1139 1025 Codd.
1162 982 1275 1034 sunt,
1297 982 1360 1024 sed
1384 983 1424 1022 in
1447 981 1550 1023 Caff.

281 1036 494 1078 admodum
507 1038 651 1077 recenti
662 1051 779 1078 manu
792 1036 944 1092 scripta.
956 1037 1112 1078 Titulus
1125 1036 1181 1079 est
1191 1036 1430 1077 oona-«siha
1442 1036 1555 1090 βίος.)

336 1091 429 1145 Pag.
454 1092 622 1132 XXXV.
661 1093 683 1131 l.
708 1104 745 1130 4ι.
786 1091 843 1131 ὅτι
872 1089 900 1142 ξῧ
929 1091 995 1146 ἂν)
1032 1089 1219 1132 ὑπόπτως
1241 1091 1297 1142 τῷ
1329 1087 1462 1132 πλήθει
1482 1090 1556 1131 διὰ.
1614 1114 1618 1118 ·

283 1143 409 1197 Σόξοιν
441 1145 656 1186 δεινότητος
687 1144 946 1196 scamellum,
975 1145 1060 1186 τοὺς
1089 1145 1217 1197 μέντοι
1246 1143 1556 1199 ἀγωνιζομένους,

282 1200 349 1239 καὶ
366 1200 401 1239 ἐν
414 1199 646 1253 δικαστηρίῳ
659 1199 725 1238 καὶ
744 1199 784 1239 ἐν’
795 1195 906 1250 δήμῳ
921 1198 1112 1249 πλεῖστοι,
1135 1195 1188 1240 εἷς
1203 1198 1306 1251 ἀνὴρ,
1323 1197 1430 1239 δ’ὁ-τις
1450 1197 1549 1250 ξυμ-

283 1254 534 1299 βουλεύσαιτό
550 1269 590 1293 τι
605 1251 812 1304 θυνίιμενος
824 1252 988 1303 ὠφελεῖν.
1006 1253 1190 1307 Thucyd.
1203 1253 1227 1293 l.
1243 1253 1267 1293 8
1279 1285 1291 1304 ‚
1302 1267 1336 1294 c.
1348 1253 1412 1294 68.
1442 1249 1555 1307 (Ὅτι

285 1304 316 1355 <33
335 1309 449 1360 συμβ.
465 1308 562 1361 Reg.
574 1308 634 1348 ὅτι
646 1306 690 1347 av
708 1304 737 1357 ξὶἷ
762 1309 875 1359 συμβ.
892 1308 992 1349 Caff.
1004 1308 1142 1349 Paullo
1155 1307 1242 1361 post
1254 1320 1327 1360 pro
1340 1307 1480 1360 ἄριστοι
1498 1308 1554 1347 ἐκ.

284 1361 382 1415 Reg.
399 1360 553 1415 ἄριστος
572 1362 651 1411 ἐκ.)
681 1361 703 1381 ⁴¹
717 1363 743 1401 l.
763 1362 799 1401 6.
818 1363 883 1402 nx}
903 1362 969 1403 σὺν
980 1357 1103 1412 αὐτῷ)
1127 1362 1229 1404 Vide
1247 1361 1496 1402 Plutarchum
1515 1363 1558 1402 in

283 1417 369 1456 vita
381 1416 646 1470 Antiphontis.
661 1416 761 1456 Eum
772 1429 866 1456 cum
881 1415 1107 1469 Phrynicho
1118 1430 1163 1457 ac
1173 1417 1304 1456 decem
1317 1415 1402 1456 aliis
1415 1429 1438 1455 a
1447 1415 1566 1469 Qua-'

283 1469 493 1524 dringentis
513 1470 842 1511 Lacedaemonem
866 1469 1020 1511 miffum
1043 1481 1173 1511 narrat
1183 1469 1438 1522 Thucydides
1451 1482 1558 1520 vm,

284 1538 351 1578 90.
395 1524 415 1544 ’⁴‘
432 1525 457 1564 l.
482 1539 519 1579 9.
552 1526 816 1578 στρατηγιιὼς
836 1523 882 1563 Σὲ
904 1522 1012 1592 ἀνὴρ)
1032 1524 1136 1564 Vide
1155 1525 1271 1565 Thuc
1303 1525 1339 1564 d.
1364 1524 1428 1563 lib.
1452 1538 1498 1572 4,
1522 1537 1558 1565 c.

289 1591 366 1626 104
384 1577 437 1632 sq.
459 1581 709 1632 (Στρατηγὸς
725 1581 804 1617 mbr
817 1577 863 1617 sb
887 1578 1037 1628 ἄμελης
1054 1578 1070 1618 ὃ
1090 1577 1258 1618 Θουκυέί
1288 1593 1329 1619 ης
1341 1577 1442 1624 Caff.
1464 1578 1560 1629 ἁμε-

246 1666 250 1669 ,
285 1631 357 1672 λῗις
373 1633 490 1672 etiam
513 1632 634 1686 Reg.)
664 1633 684 1652 ⁴*
704 1633 727 1671 l.
755 1645 813 1671 12.
838 1631 1100 1685 βραδύτητας)
1123 1631 1365 1685 βραὸυτιῖτος
1389 1630 1489 1672 Cass‘.
1506 1631 1559 1673 stc

286 1686 473 1739 Thucyd.
497 1702 537 1726 v.
556 1700 620 1741 75.
645 1686 737 1727 Vid.
752 1686 983 1740 Etymolog.
1002 1687 1056 1727 M.
1074 1701 1115 1726 v.
1133 1684 1323 1740 ἁνὲροτίις.
1342 1687 1442 1726 Mox
1464 1685 1559 1726 Ἰὂνοι

286 1753 362 1835 pao
385 1740 509 1782 Ἠϊόνα.
529 1741 587 1781 bis
610 1741 709 1795 Reg.
733 1739 892 1782 &Cam
915 1741 956 1781 &
977 1739 1244 1781 κατέπλευσεν
1265 1740 1316 1781 εἰς
1332 1740 1562 1792 Ἀμφίπολιν

286 1808 314 1835 11
340 1807 413 1834 em.

342 1850 434 1904 Pag.
458 1848 647 1891 XXXVI.
681 1849 704 1887 l.
735 1862 773 1899 7.
798 1848 922 1890 Κλέων
950 1848 996 1889 st
1022 1848 1225 1902 ἀπέθανεν)
1248 1847 1436 1901 Thucyd.
1465 1847 1490 1887 l.
1525 1861 1563 1902 5,

286 1918 324 1945 c.
352 1917 415 1944 10.
457 1906 477 1925 ⁸
506 1905 532 1943 l.
557 1904 593 1944 8.
621 1902 834 1955 Βρασίὲοις)
859 1902 874 1941 ὁ
910 1902 1101 1954 Βραισίὸαις
1129 1902 1228 1957 Reg.
1262 1900 1362 1944 Cass‘.
1401 1901 1422 1921 ⁴
1443 1902 1468 1941 I.
1499 1914 1562 1943 ιο.

285 1957 500 2011 Ἀγνόνειοι)
530 1958 736 2011 Ἀγνώνειοι
756 1957 856 1998 idem
873 1957 918 1997 δε
936 1958 1122 2009 Thucyd.
1144 1957 1170 1997 1.
1196 1970 1229 1998 c.
1251 1970 1284 1998 c.
1313 1970 1372 1996 ιι.
1411 1954 1432 1976 *
1446 1956 1472 1995 l.
1501 1969 1564 2012 ις.

284 2011 788 2108 '³⁰323⁹“}?2}22x?11⁷‘’5‘02{’
802 2008 1485 2119 sszffih'ssssffefffissgfiz‘ssffs
1503 2073 1566 2102 η·

287 2119 357 2161 τὴν
368 2081 552 2174 ἓεὲυτέριιν
570 2119 822 2174 ναυμαχίαν)
843 2120 945 2159 Vide
956 2120 1233 2175 Xenophontis
1245 2117 1343 2159 Hist.
1362 2118 1434 2160 Gr.
1446 2118 1561 2158 initio

288 2175 375 2216 libri
397 2175 537 2229 primi,
558 2174 599 2215 δι
616 2174 843 2215 Diodorum
859 2173 1040 2214 Siculum.
1063 2174 1087 2214 1.
1108 2186 1178 2226 13,
1201 2185 1239 2228 p.
1266 2185 1352 2228 354.
1378 2170 1561 2226 (Hudso-
1612 2184 1616 2190 ·

281 2242 388 2278 nus,
401 2229 469 2270 vel
486 2229 737 2277 Parthenius,
758 2227 949 2282 supplevit
970 2229 1012 2268 in
1034 2227 1352 2281 interpretatione
1366 2226 1533 2267 verbum
1547 2255 1560 2275 ‚

289 2297 315 2324 a
337 2295 420 2338 quo
441 2283 480 2323 hi
503 2282 709 2325 accusativi
731 2282 924 2337 pendent:
951 2295 1042 2323 nam
1063 2283 1203 2329 vertit,
1225 2296 1328 2335 neque
1345 2282 1432 2321 enim
1454 2293 1562 2321 com-

287 2337 429 2392 plexus
448 2336 503 2378 est
514 2338 698 2391 secundam
716 2351 871 2391 pugnam
894 2338 1068 2376 navalem.
1089 2336 1256 2377 Videtur
1277 2335 1344 2376 vel
1362 2347 1386 2375 e
1407 2346 1560 2388 praece-

282 2392 405 2432 ·dente
425 2391 583 2446 γράφειν
601 2392 851 2445 repetendum
876 2389 1060 2443 ἔγραψε,
1086 2390 1152 2431 vel
1178 2389 1297 2444 paulo
1321 2387 1409 2443 post
1428 2387 1562 2428 distin-

320 2445 487 2487 uendum
507 2444 549 2487 ἣν
574 2446 821 2497 Θεόπομπος,
840 2439 977 2492 εἶπεν.)
1007 2444 1028 2464 ⁴*
1051 2445 1075 2484 l.
1104 2456 1163 2497 ¹3.
1184 2443 1253 2485 τὴν
1279 2443 1364 2494 περὶ
1387 2442 1560 2494 Κύζικον)

283 2459 462 2542 ·I)iodor.
480 2500 554 2541 Sic.
574 2500 600 2540 1.
625 2512 693 2552 13,
714 2513 752 2553 p.
781 2511 866 2553 357.
896 2499 952 2538 ⁸1.
975 2511 1033 2546 14.
1055 2496 1122 2538 τὴν
1146 2498 1182 2538 ἐν
1197 2496 1294 2550 διε.)
1318 2496 1561 2551 Xenophon-

290 2554 342 2595 tis
361 2554 463 2596 Hist.
481 2554 558 2598 Gr.
582 2553 608 2599 l.
627 2568 660 2595 ι.
687 2553 709 2576 ⁴¹
730 2555 756 2598 l.
775 2567 837 2609 15.
855 2552 1142 2616 Ἀργινούσαις)
1165 2550 1446 2609 Ἀργεννούσοιις
1457 2549 1560 2594 Gaff-
