1670 3094
423 178 526 226 IN
590 168 995 224 LIBRUM
1059 175 1097 223 1.
1295 189 1390 239 279

120 263 329 319 ebatum-i
349 263 624 306 volent?Non
647 260 752 302 aliud
773 261 911 315 (quod
931 259 1074 313 sciam)
1093 272 1297 314 opponere
1318 261 1392 301 mi-

120 318 163 358 hi
195 332 402 374 poterunt,
432 332 550 373 quam
575 317 674 364 hoc,
706 314 947 368 Dionyfium
972 313 1300 355 Halicarnasseum
1313 345 1326 363 ‚
1346 314 1391 356 &

119 373 307 425 quosdam
327 373 448 421 alios,
469 373 605 413 locum
630 371 734 410 hunc
751 367 970 418 afferentes,
983 368 1079 408 illud
1101 369 1220 422 patris
1242 381 1390 408 nomen

118 427 468 468 minimeadiioere.
492 425 567 467 Sed
583 423 668 464 fieri
699 422 846 477 potest,
867 434 914 462 ut
938 435 1079 463 eorum
1103 433 1230 462 aetate
1253 422 1388 476 depra-

117 491 235 521 vatus
253 482 330 521 inm
349 481 413 520 ille
428 481 539 521 locus
556 477 661 527 effer,
683 477 799 530 (cum
819 489 869 516 ne
889 489 958 517 eos
975 476 1129 530 quidem
1149 475 1236 516 satis
1257 488 1391 516 emen-

118 533 218 581 datis
240 533 342 575 vusos
367 533 445 574 effe
465 531 774 586 exemplaribus,
801 531 840 570 in
863 530 1250 570 omnibus-omnium
1276 540 1390 570 vete-

118 599 208 627 rum
234 586 408 642 scriptis,
430 599 677 641 nequaquam
705 585 863 625 dubium
892 583 968 638 fit)
996 594 1068 624 aut
1097 596 1242 624 nomen
1266 583 1365 623 illud
1377 611 1391 633 ‚

121 653 213 681 cum
230 654 256 681 a
273 640 488 694 Dionyfio‚
502 641 570 681 vel
589 641 758 680 aliorum
779 639 963 693 quopiam
983 636 1099 678 suum
1118 650 1231 678 exem
1259 637 1316 678 lar
1331 636 1389 678 se-

120 705 287 748 quente,
304 694 470 751 pofitum
492 693 621 743 foret,
639 695 680 733 in
700 693 856 733 citando
882 692 959 732 hoc
979 691 1086 741 loco,
1104 692 1212 731 detra
1280 704 1318 730 m
1339 691 1390 731 ab

121 749 256 802 aliquo
274 749 408 799 fuerit,
424 750 494 803 qui
515 749 621 804 apud
645 746 768 803 ipsum
790 746 1065 799 Thucydidem
1084 745 1242 786 minime
1264 744 1390 786 exsta·

120 814 166 843 re
183 814 369 844 oerneret.

188 855 254 896 Ad
269 858 362 898 illud
377 867 508 897 autem
533 854 718 896 Ἀθηναῖος
739 854 848 909 quod
872 854 1026 902 attinet,
1045 852 1076 894 fi
1099 864 1204 894 certe
1223 852 1266 894 δι
1285 851 1388 907 apud

117 907 358 963 Dionysium
389 908 716 952 Halicarnaffeum
747 907 986 948 eoumsa‘sne
1011 907 1197 948 Ἀθηναῖος
1211 937 1225 956 ,
1261 919 1342 947 non
1368 905 1389 946 ὅ

116 963 329 1015 ’Mardum
347 965 510 1019 legitur:
532 963 575 1004 δι
599 963 649 1003 ab
670 960 836 1017 ipsomet
856 961 904 1002 de
920 961 959 1002 se
979 962 1165 1016 loquente
1182 961 1258 1001 dici
1279 960 1388 1001 vide-

117 1030 207 1057 mus
225 1017 413 1060 Διονύσιος
427 1017 699 1070 Ἀλεξάνδρου,
715 1014 1057 1068 Ἁλικαρνασσεὺς,
1070 1028 1151 1056 non
1171 1015 1190 1054 ὅ
1212 1013 1389 1068 ‘Antap-

22 1070 29 1084 ³
116 1071 290 1112 ιισσεὺς.
314 1072 442 1126 Quod
463 1070 494 1111 fi
519 1071 585 1112 vel
606 1071 669 1112 hic
682 1101 695 1120 ,
720 1070 786 1111 vel
814 1069 889 1110 illic
914 1068 1108 1124 praefixus
1128 1067 1219 1109 esset
1242 1069 1388 1108 articu-

116 1123 201 1174 lus,
223 1136 293 1166 aut
318 1139 370 1167 eo
390 1136 566 1167 uteretur
588 1123 807 1176 ἑμφοιτυιῦς
821 1155 834 1173 ,
856 1134 925 1164 aut
949 1134 1055 1164 certe
1087 1121 1286 1163 discrimen
1314 1135 1388 1176 po-

117 1190 215 1219 nens
239 1180 338 1221 inter
358 1179 398 1221 se
424 1179 469 1220 δι
490 1179 608 1219 alium
638 1178 858 1232 quempiam
880 1176 1179 1230 Thncydidem,
1202 1176 1273 1230 qui
1302 1188 1387 1216 non

116 1232 314 1283 Athenas,
344 1233 407 1274 sed
432 1233 569 1274 urbem
599 1232 734 1280 aliam,
754 1232 918 1286 patriam
940 1231 1112 1272 haberet.
1143 1231 1326 1278 Verum,
1356 1228 1388 1270 fi

116 1298 201 1326 non
220 1285 333 1328 fillor
349 1288 397 1328 de
417 1287 560 1342 graphe
586 1286 674 1335 illa,
693 1298 811 1339 quam
832 1298 908 1339 pro
935 1297 1119 1339 germana
1140 1297 1165 1324 a
1187 1297 1252 1325 me
1268 1283 1388 1324 habe·

115 1339 150 1380 ri
170 1341 291 1381 modo
312 1341 484 1382 dicebam
497 1371 510 1390 ,
526 1340 630 1381 aliud
652 1340 770 1393 longe
797 1338 982 1393 insignius
1003 1352 1027 1379 a
1046 1338 1279 1391 Thucydide
1309 1351 1387 1392 po·

115 1393 231 1434 situm
252 1394 362 1436 fuiffe
392 1394 589 1436 discrimen
605 1424 618 1442 ‚
645 1393 772 1434 dicere
797 1393 1023 1447 peterimus.
1054 1392 1122 1433 De
1150 1405 1202 1432 eo
1230 1402 1387 1441 autem,

115 1448 224 1501 quod
244 1462 269 1489 a
295 1448 497 1502 Dionysio
525 1447 734 1494 scribitur„
762 1446 1103 1502 Ἁλικαρνασσεὺς,
1137 1459 1218 1486 non
1247 1445 1263 1485 ὁ
1284 1445 1388 1485 Ἁλι-

117 1501 379 1556 καρνασσεὺς,
400 1516 493 1544 cum
514 1511 645 1543 tamen
662 1499 730 1541 τοῦ
750 1499 1068 1553 Ἁλικαρνασσέως
1091 1501 1131 1540 in
1153 1499 1267 1540 titulo
1298 1498 1388 1540 scri-

118 1566 233 1650 &52:¹2
252 1554 1222 1658 “¹23¹32‘ffl'3i13ss‘3‘upfflffiffiffi
1246 1559 1388 1647 ‘3:23ss

117 1663 186 1712 ait,
202 1662 270 1703 καὶ
288 1665 344 1703 ⁷22
361 1661 461 1715 μίυιη
479 1663 553 1704 τᾶν
572 1664 700 1703 κόλον
715 1663 887 1716 μέγεθος.
906 1662 1020 1703 huius
1036 1639 1286 1716 praefatiohis
1303 1636 1388 1715 par1

116 1727 195 1756 tem
209 1746 223 1766 ,
247 1717 297 1758 ab
318 1717 432 1758 initio
450 1717 498 1758 ad
519 1715 718 1769 χαλεποῖς
742 1716 943 1756 ἀνίσταντο
963 1717 1167 1764 nimirum,
1191 1717 1230 1755 in
1252 1715 1320 1754 lib.
1338 1715 1388 1756 de

119 1769 414 1826 compos-sione
437 1770 567 1811 laudat
583 1770 638 1811 D.
655 1769 849 1810 Halicarn.
870 1771 940 1823 qui
954 1784 1066 1821 ταμ.
1085 1784 1130 1809 τε
1152 1770 1213 1809 ὅτι
1226 1798 1240 1816 ,
1258 1769 1302 1809 8(
1319 1768 1387 1810 ἐπὶ

118 1822 334 1874 πλείσταν,
370 1825 415 1867 &
441 1825 764 1877 ὄπιμεικρότοιτον.
796 1825 942 1863 WAss.
974 1822 1040 1863 De
1066 1836 1179 1864 more
1206 1833 1386 1863 veterum

120 1890 281 1918 nomina
305 1878 372 1920 sua
399 1879 439 1918 in
472 1878 594 1933 princi
623 1889 665 1918 ιο
694 1876 765 1918 scri
792 1888 924 1918 torum
954 1876 1116 1917 suorum
1147 1877 1389 1917 memorandi

120 1931 200 1973 vid.
221 1931 342 1973 Dion.
366 1930 568 1985 Chrysost.
632 1942 703 1971 rat.
800 1931 850 1980 13
874 1929 1005 1972 Heius.
1032 1930 1139 1972 Le&
1158 1930 1328 1972 Theocr-
1351 1943 1389 1972 c.

119 1984 197 2034 1113
221 1985 413 2027 &Barth
442 1985 549 2027 XLII
570 1983 733 2026 Advers.
765 1999 799 2026 1.

181 2040 267 2080 ibid.
290 2040 550 2094 Ξυνίγρψψε)
574 2039 695 2088 Sunt,
717 2040 787 2093 qui
819 2037 1052 2092 ξυνέγρψψει
1081 2038 1254 2088 malunt,
1281 2051 1387 2093 quo-

118 2093 240 2135 modo
260 2094 363 2148 apud
388 2095 545 2134 Livium
559 2124 573 2142 ‚
590 2093 780 2133 Hannibal
795 2106 876 2145 peto
916 2108 1029 2142 acem,
1053 2105 1135 2133 non
1158 2091 1247 2134 sane
1268 2092 1388 2133 inele-

121 2157 282 2200 gantem
299 2160 439 2189 verum
461 2147 590 2188 noster
612 2146 836 2200 ξυνέγραψε
857 2159 881 2186 a
926 2147 1127 2187 minimum
1148 2146 1274 2188 decies
1287 2178 1299 2196 ‚
1318 2159 1386 2187 ne·

119 2213 394 2294 ffiunquam
421 2200 530 2242 aliter
555 2201 710 2242 locutus
739 2200 806 2240 est.
831 2200 1016 2261 Denique
1046 2200 1102 2240 ita
1133 2201 1227 2241 citat
1259 2199 1384 2240 Dion.

209 2254 485 2348 carnaffeusg
512 2269 610 2307 145,
637 2255 679 2295 δι
710 2254 812 2295 alibi.
842 2254 1063 2295 Eustatluus
1085 2254 1133 2294 ad
1155 2253 1234 2295 Od.
1269 2253 1320 2293 «Γ.
1349 2267 1386 2307 ρ.

127 2319 248 2359 1501:
266 2308 433 2349 Θουιυὲί
487 2323 506 2348 ς
525 2308 542 2348 ὃ
564 2308 748 2350 Ἀθηναῖος
768 2307 1075 2362 πνηρψτο,
1093 2309 1309 2349 memoriae
1326 2308 1388 2346 vi·

14 2346 30 2359 ⁵⁷
119 2360 188 2400 tio.
210 2360 431 2403 Formulam
449 2363 693 2415 Thucydidis
703 2362 926 2403 observavit
940 2362 1087 2403 hancce
1102 2362 1224 2402 Dion.
1242 2358 1385 2412 Chrys.

121 2411 236 2454 Orat.
259 2415 359 2456 Lm.
382 2415 591 2457 Historiam
615 2417 715 2456 hanc
742 2417 782 2456 in
811 2416 941 2456 lucem
964 2414 1117 2456 edidiffe
1141 2415 1386 2467 Xenophon·

120 2477 200 2507 tem
219 2497 232 2517 ,
254 2469 308 2509 ait
332 2469 506 2511 laertius
526 2484 566 2525 p.
594 2483 681 2520 ¹14·
703 2469 768 2511 De
785 2469 995 2511 Prooemio
1016 2470 1095 2510 hoc
1122 2469 1202 2509 vid.
1228 2468 1387 2509 Lucian.

1064 2522 1143 2572 54
