1670 3094
277 183 372 233 3ae
476 152 1354 223 ANNoTATIONEs

273 252 425 294 Aelian.
462 254 518 296 ΙΙΙ
540 257 638 296 Var.
674 256 770 297 Hist.
804 256 863 309 38.
885 255 1093 297 ’Amssm
1123 258 1223 299 inter
1251 260 1374 301 verba
1386 259 1548 317 propria

271 306 582 360 Gymnafiorum
605 324 654 351 ex
681 310 721 350 h.
746 311 771 352 l.
796 322 988 352 memorat
1009 310 1105 352 Poll.
1129 312 1207 362 111,
1234 326 1319 367 153.

327 365 403 402 ead.
430 363 454 403 l.
482 378 539 404 12.
563 364 686 418 Arm)
704 365 781 405 Pro
798 368 956 419 λιπαρὴν
978 364 1116 406 Suidas
1131 366 1170 406 h.
1189 381 1231 408 v.
1255 367 1298 408 &
1315 365 1419 408 λίπα.
1441 367 1549 410 ἀλεί-

273 428 404 479 φξνται
426 429 475 456 ex
500 417 668 458 Aeliano
689 418 856 459 adducit.
881 433 920 460 v.
944 417 1114 472 Hesych.
1137 424 1262 470 λίπα,
1285 417 1384 471 ὕφει,
1403 420 1550 472 ἄλειφιι

274 483 313 508 ου
350 470 539 511 κλίνονται
558 502 571 521 ,
595 473 633 511 in
661 473 719 512 uit
749 472 1015 526 Etymologus
1039 474 1081 513 in
1103 472 1260 525 ἄλειψα.
1288 475 1434 517 WASS.
1463 477 1549 518 add.

272 521 447 564 Eustath.
469 526 516 565 ad
541 525 619 566 Od.
635 486 692 578 (ξ’,
721 540 760 580 p.
794 527 908 580 1560.

326 582 402 618 ead.
427 580 451 619 l.
482 592 542 633 ¹3·
569 579 819 632 Διαζώμειτοι
848 578 1007 632 ἔχοντες
1030 580 1139 632 &c.)
1165 580 1227 622 Ex
1250 581 1337 636 lege
1358 583 1401 623 δι
1433 596 1548 625 more

271 628 367 671 sacri
393 635 532 686 agonis
559 633 652 673 olim
675 633 769 673 nudi
795 634 1059 675 decertarunt:
1085 633 1171 683 sed,
1195 636 1249 676 ira
1270 647 1316 676 ut
1343 637 1471 690 pudor
1504 638 1548 679 δε

272 685 403 726 honos
426 687 552 727 oculis
576 685 816 736 servaretur,
839 700 920 727 non
944 686 1025 728 fine
1052 686 1148 729 subli
1223 689 1302 730 ulo.
1329 691 1439 732 cuius
1457 692 1551 744 qui-

271 739 362 778 dem
390 741 566 781 meminit
594 742 819 791 Homerus,
851 740 894 782 &
924 741 966 782 in
995 741 1074 782 alio
1104 743 1144 783 in
1160 743 1241 796 igni
1272 742 1364 784 loco
1397 757 1550 799 praeter

272 791 388 833 istum
414 807 437 835 a
454 794 661 836 Scholiaste
682 795 866 843 citatum,
888 793 938 835 sc.
953 794 998 836 11.
1020 794 1082 847 ψ’,
1111 796 1181 836 ubi
1200 795 1247 836 de
1266 795 1430 850 Euryali
1457 812 1548 841 cum

273 847 385 903 Epeo
414 849 607 903 pugilatus
633 860 773 903 agone.
798 848 902 890 Vide
927 848 1040 889 Fabri
1065 848 1348 904 Agonisticon‚
1375 851 1402 892 1.
1439 866 1484 900 2,
1513 866 1548 894 c.

274 915 299 940 2
313 932 326 952 ‚
345 916 363 956 3
381 933 394 951 ‚
413 917 452 952 4.
471 904 611 944 HUDS.
637 902 876 954 ἓωιζώμοιτα,
893 925 938 933 -
965 901 1202 956 ἠγωνίζοντο.
1215 903 1397 958 Magister
1413 906 1454 945 in
1477 906 1547 954 ζῶ-

272 970 347 1006 μα.
362 958 509 998 WAss.
523 957 588 998 De
608 956 877 1010 Ὀλυμπιακδς
896 957 938 997 &
958 957 1196 1010 Ὀλυμπικὸς
1215 957 1288 1012 leg.
1307 971 1408 1013 quae
1425 958 1548 1015 dispu-

271 1019 330 1049 tat
351 1009 492 1052 Kuster
510 1012 558 1051 ad
577 1011 773 1066 Aristoph⁴
797 1011 896 1052 Plut.
950 1010 1013 1062 83.
1044 1012 1128 1053 add.
1151 1011 1239 1052 infr.
1265 1013 1304 1052 V
1318 1041 1330 1060 ‚
1359 1027 1426 1066 49.

288 1114 290 1117 ι
327 1068 403 1105 ead.
422 1065 447 1107 l.
478 1079 538 1112 14·
561 1065 632 1106 Ka}
657 1061 695 1105 οὗ
722 1066 890 1118 πολλὰ)
955 1078 1114 1119 empus,
1137 1079 1220 1120 quo
1243 1066 1408 1120 primum
1432 1079 1545 1120 prae-

274 1117 391 1158 cinffl
411 1131 559 1160 certare
582 1118 799 1167 defierunt,
822 1118 972 1160 diverse
995 1120 1166 1160 traditur.
1188 1119 1382 1161 Nonnulli
1398 1119 1547 1162 fadum

274 1171 421 1213 volunt
443 1173 683 1229 'Olympiade
709 1184 870 1222 xxxu;
904 1183 949 1214 ut
980 1174 1147 1215 Homeri
1178 1173 1304 1214 Schol.
1340 1173 1549 1227 Anonym.

275 1225 324 1266 ad
348 1225 391 1266 11.
423 1226 481 1279 14¹.
501 1228 677 1281 Etymol.
707 1227 845 1268 auftor
867 1228 906 1268 in
933 1240 1036 1268 voce
1060 1227 1277 1282 γυμνάσια.
1307 1227 1385 1268 Alii
1403 1227 1551 1281 Olym-

275 1280 388 1334 piade
411 1292 494 1321 x1v
522 1281 667 1323 fabium
687 1291 927 1331 memorant,
947 1292 992 1322 ut
1012 1281 1184 1322 Eustath.
1205 1281 1253 1321 ad
1275 1282 1396 1322 Hom.
1418 1281 1464 1322 11.
1486 1282 1547 1334 ψ’.

275 1334 485 1388 Anonym.
512 1336 553 1376 in
580 1335 831 1390 Olympiadis
853 1335 960 1377 istius
989 1348 1094 1376 anno
1116 1336 1254 1390 primo.
1276 1335 1316 1376 Si
1345 1348 1445 1377 vero
1468 1346 1550 1379 tam

274 1398 392 1429 vetus
414 1389 627 1431 institutum
651 1390 792 1437 fuerit,
811 1390 1015 1444 quomodo
1034 1389 1216 1442 Thucyd.
1237 1389 1307 1443 qui
1329 1390 1438 1430 annis
1471 1391 1550 1432 cir-

276 1444 372 1484 citer
402 1446 581 1486 trecentis
608 1444 695 1498 post
726 1444 825 1484 haec
856 1443 1020 1498 scripsit,
1042 1444 1191 1485 tradere
1212 1444 1366 1498 potuit,
1385 1456 1467 1484 non
1494 1445 1551 1485 ita

276 1497 428 1552 pridem
453 1511 605 1540 morem
629 1498 740 1539 istum
767 1497 936 1539 desiisse?
958 1497 1134 1538 Omnino
1159 1496 1299 1538 censeo
1328 1497 1550 1551 negativam

275 1552 554 1603 inducendam,
576 1552 894 1605 scribendumque
925 1552 992 1592 καὶ
1021 1553 1159 1592 πολλὰ,
1180 1551 1259 1593 ἔτη.
1286 1551 1481 1592 Meurfius
1502 1552 1551 1593 de

278 1605 401 1647 Arch.
422 1606 514 1647 Ath.
540 1608 563 1647 l.
594 1622 609 1647 1
624 1639 637 1658 ,
658 1621 690 1648 c.
714 1608 752 1647 6.
783 1607 926 1646 HUDs.

332 1660 425 1725 qu.
451 1674 508 1702 12.
529 1663 554 1704 l.
575 1676 610 1701 2.
632 1659 906 1714 Διεζωσμένοι)
926 1658 1061 1701 Suidas
1077 1660 1118 1700 in
1137 1659 1333 1700 σέσωστιι
1351 1658 1447 1755 1313st
1470 1659 1563 1700 5⁸12..

1402 1714 1549 1762 umad

277 1715 458 1766 ζωμενοι,
490 1715 532 1757 &
560 1716 773 1767 σεσωμένος
804 1727 878 1769 pro
911 1712 1154 1767 σεσωσμένος.
1183 1714 1264 1757 vid.
1289 1715 1359 1755 Vo

278 1768 477 1810 Catullum
499 1783 592 1822 32¹·
616 1772 762 1811 Wass.

332 1827 408 1864 ead.
430 1823 456 1864 l.
481 1838 539 1864 11.
564 1822 868 1877 Ἀντισχοῦσαι)
891 1823 971 1864 Hic
991 1833 1128 1864 contra
1151 1821 1358 1863 leffionem
1384 1822 1548 1876 margini

279 1876 505 1931 adscriptam
532 1878 824 1931 ἀντηχοῦσαν,
848 1877 888 1917 in
919 1887 1147 1918 contextum
1173 1876 1425 1931 recipiendam
1457 1889 1551 1917 cen·

279 1929 367 1980 seo,
387 1932 476 1973 licet
502 1931 717 1986 refragante
740 1930 959 1973 Scholiaste.
990 1930 1260 1986 opponuntur
1290 1931 1396 1972 enim
1425 1930 1520 1972 haec
1535 1958 1550 1977 .

280 1986 557 2040 πλωὶμωτέρων
589 1988 699 2028 ’όντων
714 2018 727 2036 ,
755 1987 798 2027 &
822 1984 894 2026 διὰ
925 1984 994 2027 τὴν
1029 1984 1208 2036 λῃστείαν
1244 1983 1411 2026 ἐπιπολὺ
1448 1983 1552 2024 ἀντι-

283 2037 479 2092 σχοῦσιν.
502 2042 621 2088 Olim,
646 2041 797 2095 inquit,
818 2041 900 2094 quia
920 2039 1104 2093 ἀντεῖχεν
1131 2036 1152 2081 ἦ
1185 2037 1350 2090 λῃστεῖαι
1365 2069 1379 2088 ,
1402 2038 1440 2079 id
1467 2036 1550 2087 est,

280 2095 445 2146 vigebant
459 2095 642 2135 latrocinia
654 2125 667 2144 ,
684 2097 785 2134 urbes
811 2095 968 2134 remotius
988 2110 1012 2134 a
1034 2094 1121 2133 mari
1139 2094 1238 2134 condi
1250 2093 1375 2144 fhle'tae
1385 2091 1491 2145 fiant:
1510 2103 1552 2131 at

276 2149 392 2201 postea
412 2150 470 2187 ubi
482 2150 679 2202 profligatis
694 2165 718 2189 a
738 2151 863 2189 Mino?
877 2148 1127 2200 praedonibus,
1147 2144 1405 2199 πλωϊμῶτεραι
1426 2145 1552 2208 ἐγένε’

282 2215 327 2239 το
356 2202 424 2255 (ιά
447 2202 501 2243 est
514 2234 525 2251 ‚
547 2217 637 2242 mare
661 2205 772 2255 magis
793 2216 944 2256 apertum
963 2201 1181 2253 navigationi
1204 2199 1281 2253 fuit
1293 2215 1310 2248 ,·
1335 2199 1422 2246 vel,
1444 2212 1551 2240 umor
1628 2206 1635 2238 ,”

282 2257 463 2311 navigatio
476 2256 583 2310 ficit)
600 2259 650 2296 ad
667 2258 740 2310 ipsit
761 2256 863 2295 litora
890 2257 991 2295 condi
1011 2267 1156 2307 coeptae.
1183 2254 1239 2295 At
1263 2266 1364 2295 vero
1391 2253 1550 2294 alterius
1631 2262 1633 2266 ⁴

281 2307 488 2364 scripturae
509 2310 715 2351 absurditas
735 2308 969 2350 refutatione
990 2321 1092 2362 opus
1111 2307 1252 2349 habere
1274 2321 1356 2349 non
1372 2307 1550 2348 videtur:

284 2377 387 2416 quae
410 2375 538 2405 tamen
571 2378 593 2405 a
620 2377 683 2404 me
708 2362 861 2403 admissa
888 2362 960 2403 fuit
983 2363 1022 2402 in
1045 2373 1300 2411 contextum,
1323 2362 1430 2416 quod
1461 2360 1549 2402 nol·
1619 2392 1625 2415 ;
1667 2401 1670 2411 .

283 2417 361 2457 lem
381 2432 471 2460 eum
492 2432 516 2459 a
537 2417 613 2459 suis
629 2418 784 2459 scholiis
804 2416 1005 2458 dissentire.
1027 2416 1101 2456 Sed
1122 2414 1330 2511 suspicatus
1350 2415 1433 2456 sum
1448 2413 1550 2469 post·
1623 2423 1628 2458 ἓ
1660 2456 1670 2485 ‘:

284 2483 355 2523 ea,
386 2472 523 2528 (quod
549 2473 762 2514 etiamnum
787 2470 986 2525 suspicor)
1013 2470 1098 2511 fieri
1122 2483 1176 2525 po
1207 2483 1256 2520 e,
1278 2481 1323 2511 ut
1344 2469 1422 2525 ipse
1443 2481 1549 2524 quo-⁴
