1670 3094
334 234 544 296 rxvm⁴
616 243 979 292 NOTITIA
1025 243 1458 296 LJTERARJA

326 356 456 418 ‘vulgo
472 356 726 401 attenditur.
743 356 1054 403 Christianum
1071 358 1282 421 agnoscas
1295 375 1355 404 ex
1371 375 1429 405 eo
1440 393 1453 417 ,
1469 360 1607 422 quod

329 428 546 492 Gregorii
582 429 860 475 Nazianzeni
890 429 978 475 sub
1007 431 1209 478 nomine
1235 432 1472 498 Theologi
1503 451 1607 480 me-

325 499 469 553 minit
496 502 547 549 in
574 502 776 549 Librum
809 515 876 548 111
910 519 959 564 p.
991 504 1094 550 188.

616 672 875 736 Thucydidis
905 673 1017 720 vitia
1047 687 1099 719 ac
1130 674 1329 721 virtutes.

388 803 607 851 Fuerunt
640 818 842 864 quoque
871 800 1149 864 Thucydidi
1174 801 1335 847 nostro
1365 801 1459 848 iam
1487 800 1603 850 inde

324 873 394 921 sui
412 874 788 936 reprehensores:
815 890 926 919 narn
943 872 1104 919 Suidas
1130 873 1346 932 testatur,
1375 872 1604 922 Claudium

324 959 563 1022 Didymum
595 956 809 1019 scripsisse
831 946 925 1023 περὶ
954 947 1034 1002 τῶν
1061 945 1356 1022 ἡμαρτημένων
1381 948 1508 1025 nup&
1533 945 1604 1014 τῆν

324 1032 571 1098 ᾄναλυγίοιν
591 1027 847 1095 Θουκυδῖὃῃ,
873 1036 965 1082 five
985 1036 1045 1082 de
1054 1037 1279 1099 Thucyd.
1299 1037 1417 1083 circa
1446 1040 1603 1085 analo«

324 1111 453 1176 giam
471 1125 647 1155 vocum
667 1110 948 1155 Graecarum
966 1109 1169 1171 lapfibus
1188 1121 1332 1171 atque
1350 1111 1598 1159 erroribus,

321 1184 418 1230 Alii
436 1183 623 1229 difficile
661 1194 805 1242 atque
833 1182 1014 1228 durum
1038 1183 1271 1229 scribendi
1291 1199 1438 1246 genus
1451 1218 1466 1241 ,
1484 1191 1501 1216 ¹
1522 1184 1601 1231 alii

322 1265 659 1319 argumentum
682 1254 820 1299 nimis
836 1254 1114 1316 particulare
1130 1289 1145 1312 ,
1173 1254 1251 1300 alii
1278 1251 1505 1302 affefiatas
1522 1266 1599 1304 tot

321 1327 534 1374 molestas
549 1326 857 1387 obscurasque
873 1327 1126 1373 conciones
1137 1361 1151 1384 ,
1169 1325 1246 1372 alii
1264 1327 1594 1374 narrationum

321 1400 485 1447 seriem
502 1434 516 1456 ,
550 1410 747 1460 propter
779 1398 1079 1446 observatum
1106 1399 1322 1445 hiemum
1349 1399 1598 1445 aestatum-

323 1490 421 1535 que
449 1472 696 1528 ordinem,
737 1483 845 1518 ante
872 1488 941 1518 res
974 1472 1156 1536 integre
1191 1471 1420 1534 expofitas
1453 1471 1598 1518 abru-

320 1558 480 1607 ptam,
507 1552 528 1577 ²
551 1545 628 1590 alii
655 1545 915 1607 hyperbata
937 1544 1259 1606 frequentiora
1277 1579 1291 1602 ‚
1329 1545 1406 1590 alii
1434 1544 1521 1590 alia
1542 1545 1595 1591 in

319 1636 378 1666 eo
414 1619 824 1681 reprehenderunt
842 1654 855 1676 ,
892 1635 1014 1680 quae
1047 1618 1197 1664 videri
1227 1617 1421 1679 possunt
1462 1617 1592 1678 apud

318 1689 637 1738 dooliffimum
668 1690 710 1738 8c
735 1693 1016 1738 acerrimum
1042 1691 1280 1737 censorem
1301 1691 1592 1753 Dionyfium
1664 1739 1670 1742 ,

316 1765 713 1812 Halicarnasseum
739 1767 789 1812 in
818 1767 1023 1827 Epistola
1049 1765 1109 1811 ad
1138 1765 1459 1826 Pompeium,
1496 1781 1593 1825 qua

315 1838 625 1900 Herodotum
660 1839 939 1902 Thucydidi
972 1837 1187 1900 praefert.
1221 1835 1316 1884 Sed
1349 1852 1439 1882 nec
1474 1852 1593 1882 con-

313 1912 600 1959 temnendae
630 1912 738 1959 sunt
770 1914 966 1967 virtutes
987 1912 1126 1957 huius
1153 1910 1382 1972 scriptoris
1400 1945 1414 1967 ‚
1435 1910 1484 1956 in
1505 1927 1592 1956 cu-

311 1985 384 2032 ius
411 2002 554 2047 opere
582 1986 717 2047 plura
751 1984 909 2030 nitent
946 1983 1090 2029 civilis
1111 1982 1397 2044 prudentiae
1429 1981 1587 2027 obser·
1657 2014 1670 2046 .-

311 2070 419 2103 vata
452 2073 504 2103 ac
531 2067 779 2119 praecepta
806 2057 946 2118 plane
971 2056 1182 2120 egregia,
1211 2054 1486 2100 historicum
1514 2054 1588 2099 iu-

313 2131 494 2178 dicium
505 2167 518 2188 ,
533 2130 742 2177 studium
756 2129 959 2175 veritatis
979 2128 1120 2174 etiam
1141 2127 1194 2173 iis
1210 2138 1461 2186 utcunque
1475 2143 1581 2188 par-

310 2221 420 2253 cens
437 2239 451 2263 ,
476 2221 503 2250 a
520 2203 698 2266 quibus
715 2202 765 2248 in
788 2202 1001 2253 exsilium
1023 2198 1259 2248 conietius
1281 2197 1458 2256 fuerat,
1477 2198 1587 2246 sub-

365 2367 383 2394 1
407 2354 603 2395 In·veteri
627 2353 914 2415 Epigrammate
980 2351 1127 2406 gendus
1157 2361 1275 2405 atque
1304 2349 1586 2403 intelligendus.

304 2423 344 2464 p.
369 2424 417 2464 95
453 2408 743 2462 Anthologiae‚
767 2408 807 2446 in
830 2406 914 2446 lau·
1036 2419 1058 2444 2
1093 2405 1195 2446 Vide
1226 2404 1401 2445 Theonis
1462 2417 1589 2458 rogy·
1643 2439 1650 2444 .

305 2464 354 2504 de
364 2463 538 2518 ponitur,
546 2464 654 2515 quod
664 2460 915 2513 Thucydides
979 2457 1189 2499 mnasmata
1198 2472 1236 2513 p.
1252 2470 1293 2513 33
1309 2458 1396 2498 edit.
1442 2471 1586 2498 amera-

304 2517 353 2557 fit
379 2513 417 2556 οὗ
445 2517 642 2558 ’πάντεσσι
667 2515 799 2562 βατὶς,
815 2526 840 2553 a
858 2513 917 2554 so·
979 2513 1045 2562 rii,
1061 2513 1103 2553 ὅ(
1131 2527 1168 2569 ρ.
1197 2513 1260 2567 36,
1281 2513 1351 2556 ubi
1375 2513 1422 2555 de
1438 2512 1586 2567 hyper.

304 2571 351 2614 lis
368 2570 528 2617 eruditis
546 2569 586 2611 &
600 2568 855 2625 prudentibus
869 2567 918 2610 le-
979 2567 1095 2611 batis·
