1670 3094
289 182 390 231 270
499 166 1367 222 ANNOTATIONES

292 255 498 305 Alterum,
519 255 558 310 in
581 255 772 309 aliquibus
794 254 910 296 huius
937 253 1052 309 ipsius
1075 254 1247 295 historici
1269 255 1367 296 locis
1393 268 1475 297 non
1497 256 1561 296 in-

292 310 448 364 terponi
481 308 593 350 istum
621 309 853 350 articulum:
879 322 969 350 nam
1001 309 1069 349 lib.
1101 322 1115 347 1
1136 340 1149 359 ,
1183 322 1268 363 cap.
1297 323 1346 359 24
1373 309 1561 364 legimus,

292 364 435 404 Φάλιος
463 362 767 417 Ἐρατοκλείὸου.
799 362 912 416 Quin
938 363 1052 404 etiam
1080 362 1145 403 lib.
1174 377 1220 413 4,
1245 376 1331 418 cap.
1364 377 1462 418 119,
1489 365 1560 404 ubi

322 418 538 458 uorundam
560 417 984 467 Lacedaemoniorum,
1005 416 1322 466 Corinthiorum,
1346 417 1561 458 Athenien-

313 486 394 512 ium
409 503 421 521 ‚
450 472 493 512 &
528 471 695 511 aliorum
729 471 888 511 nomina
947 482 1147 519 onuntur,
1181 471 1370 525 nusquam
1398 472 1561 512 interiici

293 539 387 567 eum
406 525 595 566 videmus.
619 524 675 565 At
700 538 800 578 ego,
823 524 873 564 ad
893 524 918 563 il
933 537 979 566 os
1003 525 1159 577 quidem
1182 526 1316 565 versus
1343 526 1451 580 quod
1477 526 1563 566 atti-

293 591 383 628 net,
402 591 560 619 carmen
581 577 760 632 quasdam
789 577 936 632 ellipses
962 577 1033 617 fibi
1056 579 1277 632 permittere
1308 579 1490 629 dixerim,
1518 579 1562 620 &

293 634 335 673 in
364 646 416 674 eo
442 631 635 680 excusari,
656 645 757 686 quae
783 631 885 671 haud
908 632 1048 685 pariter
1082 632 1123 671 in
1144 631 1271 672 soluta
1294 634 1474 673 oratione
1498 632 1560 673 lo-

295 701 386 728 cum
405 686 611 727 haberent:
638 685 678 725 in
702 686 771 726 illo
793 695 924 725 autem
944 685 1009 725 lib.
1038 698 1080 734 1,
1099 698 1181 739 cap.
1207 700 1258 736 24
1278 686 1391 736 loco,
1418 687 1561 727 Φέιλιος

293 739 606 794 Ἔρατοκλείὲου,
629 739 671 780 &
694 739 735 781 in
757 737 985 793 quibusdam
1010 738 1090 779 aliis
1113 737 1282 793 suspecta
1307 741 1422 782 nobis
1444 740 1562 780 libra·

294 795 344 834 rii
369 793 464 834 fides
493 793 569 834 effe
597 792 734 847 potest.
749 795 911 847 5Verum
943 793 990 833 de
1019 792 1153 833 eadem
1180 793 1329 835 articuli
1358 793 1562 835 omiffione

298 861 393 889 cum
423 858 483 888 tot
508 847 756 898 nominibus,
785 860 888 902 quae
914 846 982 887 lib.
1008 861 1060 895 4,
1082 847 1167 900 cap.
1202 860 1276 900 119
1306 847 1445 897 habet,
1469 848 1562 902 quid

297 901 607 956 respondendum
621 902 724 943 erit?
745 901 810 942 An
836 901 953 955 quia,
973 914 1063 942 cum
1089 911 1169 941 tam
1191 900 1314 952 multa
1334 902 1491 942 nomina
1514 902 1563 942 fi-

296 956 380 996 mul
405 967 644 1010 ponerentur
658 987 670 1005 ‚
692 955 742 1004 fi,
764 965 865 1009 quot
887 954 950 995 illa
971 964 1105 1002 erant,
1124 955 1239 995 toties
1261 955 1481 996 interiectus
1501 969 1563 996 ar·

296 1009 439 1051 ticulus
455 1008 602 1059 fuiffet,
634 1022 747 1053 aures
766 1007 984 1050 offensurus
1009 1008 1234 1050 videbatur?
1258 1009 1414 1050 Vereor
1435 1021 1562 1059 certe,

298 1077 348 1104 ne
369 1065 440 1104 *cui
464 1077 602 1118 parum
627 1063 703 1104 fide
725 1064 839 1116 digna
870 1063 964 1104 haec
993 1061 1190 1125 responsio
1215 1062 1417 1105 videatur:
1445 1074 1564 1117 atque

302 1128 348 1159 ut
368 1118 432 1158 hic
452 1131 614 1180 quoque
634 1117 728 1159 fides
743 1117 887 1158 librarii
908 1117 948 1156 in
969 1117 1129 1158 dubmm
1147 1126 1337 1167 vocetur,
1360 1116 1452 1158 facit
1470 1118 1564 1158 Ari-

299 1172 360 1213 sto
387 1171 495 1212 hams
517 1170 775 1221 Scholiastes‚
792 1172 860 1225 qui
888 1183 979 1211 eum
1001 1171 1134 1212 locum
1158 1170 1322 1211 afferens
1341 1170 1434 1225 (sed
1456 1171 1565 1212 men-

298 1186 392 1267 dose
418 1238 559 1281 magna
579 1239 630 1266 ex
655 1235 763 1281 parte
783 1224 998 1282 scriptum)
1024 1224 1230 1268 articultun
1249 1224 1476 1279 quibusdam
1499 1237 1565 1279 ge-

297 1280 431 1322 nitivis
456 1278 643 1335 praefigit.

367 1335 651 1375 Verumtamen
673 1332 704 1373 fi
728 1332 945 1388 ἐιὲιοιφόρως
967 1332 1134 1387 positum
1159 1332 1266 1374 illum
1293 1345 1363 1375 aut
1386 1331 1564 1376 omiffum

301 1387 410 1430 fuisse
433 1389 519 1443 quis
541 1388 771 1438 contendat,
799 1402 889 1429 cum
919 1388 1106 1437 aliorum,
1129 1399 1214 1427 tum
1245 1401 1346 1428 vero
1375 1386 1565 1439 Dionysii

301 1441 575 1484 Halicarnaffei
598 1442 828 1483 aucioritate
856 1441 894 1482 se
915 1441 1114 1491 defendet,
1138 1441 1243 1496 apud
1266 1455 1382 1496 quem
1403 1441 1566 1495 legimus

300 1497 341 1535 in
363 1495 545 1538 historiae
571 1496 709 1544 titulo,
739 1506 828 1537 ante
854 1494 1129 1550 prooemium,
1158 1498 1354 1537 Διονυσίου
1383 1494 1567 1548 ’Amida‘—

300 1550 392 1604 ‹l‘pov
422 1547 492 1591 τοῦ
513 1549 856 1605 Ἁλικαρνασσέως
882 1562 953 1591 nec
978 1562 1060 1590 non
1081 1549 1122 1589 in
1143 1547 1223 1591 fine
1248 1549 1463 1604 prooemii,
1482 1548 1499 1588 ὃ
1520 1547 1567 1589 ἒξ

302 1602 501 1657 συντάξας
530 1599 648 1646 αὐτὴν
664 1635 677 1654 ,
708 1603 784 1655 εἰμὶ
815 1603 1006 1645 Διονύσιος
1039 1601 1288 1657 Ἀλεξάνὲρου
1317 1602 1453 1644 Ἅλυι-α.
1475 1617 1568 1644 νασ-

303 1657 402 1701 σεὺς.
425 1658 645 1712 Utrobique
666 1659 769 1699 enim
787 1668 877 1698 ante
900 1658 1018 1712 patris
1039 1669 1187 1697 nomen
1208 1655 1388 1698 omiffum
1409 1669 1432 1697 e
1462 1670 1485 1698 e
1507 1669 1568 1697 ar-

302 1712 462 1754 ticulum
493 1712 689 1754 videmus:
713 1712 809 1766 quin
834 1712 975 1761 etiam,
998 1724 1091 1752 cum
1119 1710 1195 1753 illic
1223 1710 1271 1752 fit
1296 1709 1365 1752 τοῦ
1387 1709 1524 1752 ‘Amnon
1544 1732 1569 1742 -

302 1765 491 1817 ιἐισσέως,
515 1766 580 1807 hic
597 1777 726 1807 tamen
746 1779 828 1806 non
850 1765 925 1807 effe
949 1765 1078 1805 itidem
1100 1764 1116 1804 ὃ
1141 1763 1482 1819 Ἁλικαρνασσεὺς,
1520 1763 1569 1807 ed

302 1833 385 1865 non
405 1822 533 1861 minus
563 1830 654 1861 ante
673 1821 775 1861 hunc
794 1820 1104 1869 nominativum,
1125 1832 1242 1872 quam
1269 1829 1360 1861 ante
1375 1818 1483 1862 illum
1500 1831 1567 1873 ge·

302 1875 494 1925 nitivum,
510 1875 726 1916 orationem
751 1873 913 1915 articulo
935 1885 1078 1914 carere.

370 1929 426 1969 Ut
449 1939 579 1970 autem
604 1941 707 1969 nunc
734 1928 908 1977 tandem,
964 1927 1044 1968 uod
1065 1925 1187 1967 sentio
1207 1926 1255 1969 de
1278 1927 1392 1968 huius
1414 1923 1569 1967 articuli

305 1980 399 2029 usu,
420 1982 564 2032 dicam,
583 1981 726 2024 Graeci
746 1981 930 2023 sermonis
962 1994 1051 2035 eges
1071 1979 1230 2036 poscere
1251 1982 1395 2036 opinor
1409 2011 1422 2031 ‚
1442 1990 1487 2021 ut
1510 1979 1574 2020 lo·-

306 2035 594 2077 cishuiusmodi
613 2036 796 2077 articulus
814 2036 1059 2085 adhibeatur,
1070 2048 1160 2075 cum
1173 2048 1256 2090 quo
1276 2047 1443 2083 nomen,
1458 2033 1566 2087 quod

306 2088 502 2137 ἐλλείπει,
538 2090 580 2133 &
601 2089 902 2131 subaudiendum
925 2103 948 2130 a
970 2089 1081 2130 nobis
1110 2088 1190 2139 est,
1219 2090 1420 2143 iungatur:
1447 2097 1488 2127 at
1516 2101 1568 2128 ue

306 2141 428 2194 adeo,
458 2143 527 2198 qui
554 2144 670 2184 nobis
699 2144 799 2184 illius
826 2143 1031 2194 ἐλλείψεως
1060 2142 1175 2183 index
1208 2143 1458 2196 relinquatur.
1521 2141 1568 2184 ed

306 2197 409 2239 enim
433 2208 477 2238 ut
497 2197 574 2237 alia
622 2197 782 2251 leraque
801 2196 886 2238 sunt
899 2228 911 2246 ‚
932 2197 974 2236 in
1023 2196 1136 2237 uibus
1158 2194 1341 2236 sermonis
1362 2195 1486 2249 legem
1512 2196 1570 2235 in-

307 2250 459 2293 terdum
483 2263 566 2293 non
604 2253 732 2293 ervari
754 2250 914 2300 scimus,
935 2251 988 2290 ita
1041 2250 1073 2290 'c
1101 2262 1183 2290 non
1204 2248 1393 2292 servatam
1422 2247 1570 2303 semper

307 2303 433 2346 fuiss’e:
456 2303 681 2354 sic-tamen,
707 2315 754 2345 ut
778 2304 840 2344 illa
861 2302 1014 2344 omiffio
1037 2302 1266 2357 plerumque
1293 2315 1377 2344 non
1398 2301 1570 2357 ipsorum

309 2359 538 2410 auctorum,
556 2357 618 2399 sed
639 2357 885 2399 librariorum
896 2389 908 2407 ,
924 2356 999 2399 effe
1018 2357 1208 2399 videatur.
1228 2357 1341 2410 Quin
1357 2357 1473 2398 etiam
1494 2356 1571 2397 hoc

310 2413 410 2458 addo
430 2443 443 2464 ‚
467 2411 589 2454 fimile
615 2412 691 2454 hoc
716 2425 817 2453 vero
841 2411 916 2452 effe
935 2443 947 2462 ,
973 2411 1059 2452 illos
1093 2411 1192 2451 hanc
1220 2410 1464 2452 omiffionem
1492 2423 1570 2465 po·
1620 2423 1630 2456 3
1660 2396 1670 2430 ῗ

309 2468 386 2510 tius
408 2466 477 2510 ubi
501 2466 619 2527 patris»¹
645 2466 688 2510 ὃ(
711 2465 782 2508 filii
806 2466 965 2511 nomina
996 2466 1035 2507 in
1059 2463 1211 2509 diverso
1231 2464 1322 2511 casu
1345 2474 1568 2520 ponuntur,
