1670 3094
332 222 521 259 xcvm
592 213 748 261 CAR.
789 214 1030 264 ANDR.
1066 216 1116 262 D
1143 187 1408 266 UKERJ
1463 209 1469 214 ’

329 323 429 372 rios,
455 322 702 364 aschoiiasta
726 337 887 379 quoque
913 323 1186 378 nonnusquam
1202 325 1398 368 laudatus.
1419 327 1499 382 ipse
1512 328 1609 382 Ery

330 387 514 441 mologus
547 401 634 442 pag.
661 387 759 437 816,
786 402 826 428 v·
855 400 924 442 39,
955 403 975 430 n
1005 388 1267 443 indendam*
1271 395 1365 454 Ωρου
1394 389 1464 431 τοῦ
1487 397 1606 433 Μιλη-

327 449 422 489 σίου.
445 450 488 491 8(
510 463 596 504 pag.
627 462 723 504 315,
746 464 786 491 v.
816 463 886 499 10,
907 446 1088 491 Μιλυσιος
1114 450 1130 490 ὁ
1150 451 1285 504 Ὠρίων.
1302 443 1415 508 Ὧρος
1439 443 1542 495 enim
1561 455 1606 496 δε

325 510 457 564 Ὠρίων
483 510 596 565 saepe
628 521 935 551 commutantur.
975 501 1127 563 ’opor'
1113 529 1130 551 ο
1159 510 1366 556 Μενιῖησιος
1391 515 1433 556 &
1455 517 1604 569 Ὠρίων,

325 584 497 627 utroque
519 573 639 613 modo
658 572 859 620 Galenus;
880 571 954 612 &'
946 585 984 611 in
1002 571 1174 614 Historia
1186 575 1450 618 Ecclefiaflica
1473 577 1604 632 plures

324 634 429 675 inter
455 627 712 687 Aegyptios'
717 638 821 685 Ωροι,
845 633 914 685 qui
939 633 1056 673 iidem
1078 635 1183 689 apud
1201 636 1330 677 alios’
1335 637 1500 691 Ωρίωνες.
1522 640 1607 680 Ve-

325 710 414 737 rum
436 697 502 737 hic
524 697 640 736 etiam
655 694 1014 736 Grammaticorum
1029 696 1119 735 mihi
1136 698 1277 738 videor
1299 700 1467 752 argutias
1487 699 1604 742 subo-

323 759 468 799 dorari.
488 759 755 798 disiunxerunt
775 755 924 804 ῢεέιζειν
951 756 993 797 &
1012 757 1200 808 δειέιζειν,
1225 759 1350 800 illud
1339 764 1599 817 interpretati,

321 819 457 862 Deos'
449 832 639 860 invocare
658 818 725 858 vel
737 816 940 868 obtestari
964 818 1064 868 hoc,
1081 818 1262 862 Deorum
1286 824 1447 864 numine
1467 837 1597 866 corre-

319 895 433 938 ptum
458 883 607 936 agitari.
639 881 864 934 Hesychius
898 891 1052 935 aperte:
1079 881 1309 935 Ἐπιθεέιζει,
1334 885 1477 927 θεοὺς’
1463 903 1602 929 evinet-

317 945 466 988 λεῖτοιι·
495 955 536 984 at
561 944 831 992 Ἐπιθειέισοις,
853 945 896 982 *τὸ
915 942 1012 983 θεῖον
1034 943 1268 996 (Γεξέιμενος,
1290 949 1526 1002 θεοφορηθείς.
1546 963 1598 992 eo

320 1006 566 1047 referendum
587 1005 758 1046 arbitror
781 1006 820 1044 in
839 1005 1015 1058 Etymol.
1044 1006 1125 1045 ἔστι
1151 1008 1230 1060 sse?
1254 1008 1335 1047 ἀπὸ
1363 1007 1431 1048 τοῦ
1450 1011 1599 1051 ἐπιθεά-

322 1070 421 1122 ξεινε
441 1069 607 1122 ideoque
628 1080 768 1122 parum
792 1066 922 1114 abest,
941 1067 1038 1119 quin
1062 1080 1136 1120 pro
1161 1078 1270 1108 certo
1291 1080 1424 1123 putem
1448 1071 1597 1112 voluis-

321 1129 361 1172 se
384 1130 514 1171 Orum
544 1128 736 1170 Milefium
762 1123 804 1168 in
831 1128 1065 1180 Thucydide
1098 1128 1210 1170 scribi
1243 1143 1326 1170 non
1350 1131 1595 1184 ἐπιθειάσας,

315 1193 380 1235 sed
405 1193 636 1241 ἑπιθεέισ-οις,
662 1193 770 1233 cuius
792 1191 848 1232 rei
871 1191 1086 1231 monendae
1110 1193 1343 1234 commodus
1366 1193 1453 1235 sane
1480 1195 1595 1237 locus

313 1268 398 1298 erat
420 1259 461 1298 in
479 1256 797 1311 Orthographiae
826 1256 941 1295 libro.
976 1254 1188 1296 Scholiasta
1214 1255 1369 1310 quidem
1388 1258 1594 1312 Thucydi-

314 1321 371 1361 dis
391 1322 431 1360 in
455 1321 569 1362 verbi
594 1320 710 1360 huius
733 1317 946 1359 definienda
977 1317 1164 1372 potestate
1187 1330 1271 1359 non
1298 1317 1385 1360 satis
1416 1320 1592 1370 constat,

311 1384 500 1439 triplicem
523 1381 604 1423 fere
628 1394 855 1437 proponens
884 1375 1269 1434 interpretationem,
1302 1382 1565 1437 δεοφορεῖσδαιι
1578 1415 1592 1433 ,

312 1445 404 1485 θεῖά
424 1460 512 1486 τινα.
527 1443 841 1497 ἐπιφθέγγεσθαι
863 1441 929 1483 vel
948 1442 1184 1489 {mssoaecesoee
1197 1471 1210 1491 ,
1242 1444 1286 1484 δε
1314 1445 1421 1485 θεοὺς
1450 1445 1592 1487 ἐπικοι-
1622 1499 1628 1503 .

312 1507 490 1558 Λεῖο-Βοιι,
514 1517 581 1556 ut,
603 1505 633 1546 si
657 1505 926 1554 conferamus,
945 1517 1046 1558 quae
1070 1502 1217 1557 scripfit
1241 1504 1288 1544 ad
1308 1506 1431 1557 VIII,
1456 1520 1471 1545 1
1488 1538 1501 1556 ,
1528 1519 1596 1560 535

309 1570 410 1618 VII,
432 1584 502 1624 75,
522 1568 633 1610 facile
651 1569 807 1623 patebit.
828 1567 1014 1608 Nondum
1029 1579 1052 1607 a
1072 1577 1144 1606 tuo
1156 1565 1391 1620 Thucydide
1414 1567 1589 1620 discedo,

308 1632 626 1687 quandoquidem
641 1640 865 1685 opportune
881 1630 920 1669 in
933 1639 1103 1669 mentem
1116 1628 1225 1668 venit
1237 1630 1460 1671 emendatio
1474 1645 1592 1685 quae-

306 1694 395 1734 dam
414 1693 593 1734 Andreae
605 1691 792 1733 Dounaei
812 1691 933 1731 Prael.
955 1689 1001 1730 ad
1014 1688 1219 1730 Demosth.
1238 1689 1350 1730 Orat.
1365 1691 1411 1731 de
1433 1691 1530 1733 Pace
1543 1707 1580 1748 p.

308 1769 383 1809 135
398 1788 410 1807 ,
429 1757 471 1795 in
494 1755 536 1805 I,
556 1769 631 1804 44,
651 1754 722 1795 ubi
749 1752 834 1793 sede
855 1752 1022 1792 duarum
1049 1763 1200 1791 vocum
1224 1750 1428 1792 immutata
1455 1753 1588 1808 legen·

303 1818 398 1859 dum
418 1817 569 1865 censet,
586 1814 813 1870 Κερκυραίοις
837 1813 1068 1867 ἐπιμαχίαν
1080 1812 1150 1864 μὲν
1167 1813 1220 1864 μὶν
1240 1811 1481 1856 menonem
1495 1845 1506 1855 .
1521 1845 1530 1856 .
1547 1845 1578 1858 ..

303 1879 549 1933 συμμαχίαν
574 1877 615 1919 «5⁰
640 1875 879 1918 ἐποιήσαντο.
908 1874 1072 1929 Quaeso
1104 1885 1164 1924 te,
1195 1874 1316 1916 modo
1336 1875 1423 1916 libri
1441 1875 1487 1916 fit
1511 1890 1586 1918 co-

302 1944 392 1998 pia,
422 1943 595 1982 rationes
619 1938 816 1994 expende:
854 1951 945 1978 nam
972 1949 1036 1977 me
1059 1935 1238 1991 profecto
1264 1949 1385 1991 paene
1404 1938 1585 1992 perpule-

299 2014 413 2054 runt,
433 2014 478 2044 ut
499 2002 549 2043 ad
573 2002 683 2042 istam
706 2001 932 2042 sententiam
954 1999 1192 2040 accederem.
1225 1999 1335 2040 Haec
1359 1998 1432 2040 ille.
1459 2000 1581 2054 Quae

246 2100 253 2103 ,
298 2065 369 2106 sub
388 2065 549 2106 nomine
568 2062 792 2118 Spanhemii
814 2061 997 2115 leguntur
1010 2092 1023 2110 ,
1045 2073 1094 2100 ex
1117 2060 1199 2100 oris
1221 2061 1472 2115 exemplaris,
1496 2074 1579 2116 quo

297 2126 364 2167 vir
385 2124 559 2165 summus
581 2121 672 2164 usus
703 2121 851 2171 fuerat,
881 2120 1066 2175 descripta
1088 2120 1136 2160 ad
1159 2133 1223 2160 me
1246 2119 1348 2160 mifit
1367 2119 1503 2161 clarifl'.
1531 2121 1579 2163 de

300 2186 339 2227 la
357 2186 504 2227 Croze:
534 2197 634 2238 quae
656 2183 725 2224 ets1
751 2182 916 2225 fortaffis
935 2183 1093 2236 quidam
1124 2181 1252 2222 omitti
1281 2180 1446 2236 potuiffe
1469 2193 1580 2236 puta-

295 2249 414 2298 bant,
440 2258 570 2287 tamen
598 2247 674 2287 huc
696 2246 875 2288 conferre
896 2246 1034 2294 volui,
1062 2245 1170 2299 quod
1191 2257 1426 2298 magnorum
1454 2245 1580 2286 homi-

294 2323 390 2351 num
421 2309 604 2363 reliquias
630 2309 748 2349 huius
776 2307 952 2360 generis,
978 2307 1229 2360 quantumvis
1257 2317 1418 2356 tenues,
1445 2308 1579 2361 potius

295 2373 470 2427 undique
495 2371 682 2412 eruendas
699 2370 740 2411 δι
761 2369 1013 2423 colligendas,
1033 2382 1150 2422 quam
1168 2368 1371 2411 oblivione
1391 2368 1575 2423 sepelien-

292 2434 360 2475 das
381 2432 456 2473 effe
483 2431 673 2472 existimo.
705 2431 768 2472 Ad
801 2443 871 2479 ea,
903 2442 1007 2483 quae
1038 2428 1266 2470 Scholiastes
1292 2429 1341 2469 ad
1364 2429 1404 2479 1,
1433 2442 1504 2482 13,
1529 2430 1576 2472 de

261 2480 265 2487 .
294 2493 457 2537 Maffilia
482 2492 639 2548 Africae
666 2491 818 2543 scribit,
836 2492 920 2534 addi
941 2492 1060 2535 velim
1075 2523 1088 2544 ,
1105 2503 1207 2547 quae
1232 2492 1272 2532 in
1286 2491 1471 2536 Mauffaci
1487 2491 1577 2535 Dis-
1623 2493 1626 2535 Ϊ
