1670 3094
268 174 354 222 152
550 138 1290 202 THUCYDIDIS‘

263 257 307 303 οὐ
320 249 548 326 προύχώρει
560 290 571 307 ,
587 275 665 303 και
683 274 743 302 τα
761 247 974 344 χρήματα
992 249 1149 309 ἄλλως
1168 249 1399 308 αναλοῧτο,
1418 253 1437 302 ὃ
1451 274 1528 343 μεν

261 327 550 393 ΝῙεγαὶβαζος
566 350 644 380 και
663 324 723 379 τα
739 323 881 378 λοιπα
898 351 977 379 των
995 350 1225 420 χρηματων
1246 327 1384 380 παλιν
1403 329 1442 386 ἒς
1455 351 1528 390 την

263 404 416 455 ’'Ao-ww
428 403 710 466 ἀνεκομίσθη.
731 403 1017 468 Μεγάβαζον
1033 395 1072 454 ὃ
1061 425 1079 455 ε
1103 426 1166 456 τον
1181 401 1389 482 Ζωπύρου
1406 401 1526 474 πὲμ-

264 503 360 535 πει,
383 479 511 572 ἄνδρα
529 476 724 571 Πέρσην,
738 501 854 548 μετα
872 481 1077 552 στρατιαῖς
1094 493 1277 541 πολλης
1299 478 1340 538 ὀς
1359 480 1524 543 ἀφικό-

261 579 379 627 μενος
404 579 526 607 κατα
551 577 630 619 γην
652 551 744 612 τούς
771 577 815 606 τε
843 554 1107 650 Αἱγῡπῖίους
1125 578 1202 608 και
1228 580 1320 614 τους
1345 555 1527 626 ξυμμεί-

262 656 368 696 χους
371 631 523 726 swalma
553 630 809 725 ἐκράτησε,
797 652 874 682 και
902 633 951 683 ὲκ.
975 656 1044 692 της
1070 628 1312 702 Μέμφιδος
1340 630 1526 696 ὲξηλασε

259 732 354 768 τους
395 708 618 768 Ελληνας,
649 729 727 757 και
759 702 880 764 τέλος
909 709 948 764 ἐς
975 702 1359 800 Προσωπίτιὸα
1316 733 1385 770 την
1412 732 1526 769 vno-ov

263 780 535 836 κατέκλεισε·
563 805 640 834 και
661 781 888 872 ὲπολιορκει
908 784 944 834 ὲν
964 786 1070 848 αὐτη
1095 779 1267 836 ἐνιαυτον
1290 807 1366 836 και
1390 807 1527 854 μηνας

264 856 333 923 ἓξ,
322 855 505 952 ,μέχρις
525 853 571 909 οὐ
596 857 771 932 ξηράνας
795 882 865 920 την
894 858 1102 931 ὢωρυχα,
1133 882 1210 910 και
1238 857 1528 934 παρατρέψας

263 936 387 1002 αλλη
419 959 464 986 το
503 932 604 1003 ὕδωρ
618 973 631 990 ,
664 958 745 992 τας
776 956 820 986 τε
854 935 950 992 ναῧς
980 933 1048 986 ἐπι
1080 935 1151 986 τοῧ
1184 935 1298 1008 ξηροῦ
1337 939 1526 998 ἐποίησε,

263 1035 341 1064 και
367 1035 437 1073 της
463 1033 581 1072 vno-ov
609 1034 668 1063 τα
691 1007 852 1063 πολλα
876 1009 1043 1084 ηπειρον·
1065 1033 1142 1064 και
1162 1009 1323 1083 διαβᾷς
1347 1010 1433 1066 εἱλε
1457 1037 1528 1075 την

263 1111 375 1150 νησ-ον
399 1090 521 1151 πεζῇ.

330 1188 399 1255 ρι.
423 1160 556 1215 Οὕτω
574 1185 649 1229 μεν
667 1187 727 1215 τα
741 1187 820 1216 των
835 1160 1052 1244 ,Ελληνων
1067 1186 1326 1252 πραγματα
1343 1163 1524 1238 ἓφθαρη,

263 1235 355 1303 ἓξ
330 1264 396 1301 ετη
422 1237 751 1310 πολεμησαντα
781 1263 858 1291 και
885 1245 1024 1304 ὀλίγοι
1051 1263 1142 1292 απο
1167 1254 1347 1292 πολλων
1362 1242 1528 1330 πορευό-

261 1339 373 1387 μενοι
405 1313 475 1367 &a
508 1340 578 1377 της
609 1313 853 1378 Λιβύης,
843 1338 881 1374 ες
912 1314 1089 1403 Κυρηνην
1118 1316 1389 1409 δζιεσωθησαν,
1419 1322 1453 1368 οἱ
1480 1307 1528 1368 δε

261 1395 461 1445 πλειστοι
489 1387 728 1446 απωλοντο.
754 1392 980 1458 Αἴγυπτος
1005 1384 1052 1444 δε
1075 1391 1214 1445 παλιν
1239 1416 1322 1445 vrso
1301 1388 1534 1455 βασιλει

265 1539 522 1583 Athenienses
551 1549 758 1582 averteret.
790 1538 864 1580 Sed
886 1551 976 1580 cum
1001 1551 1062 1580 res
1086 1537 1156 1594 ipsi
1179 1552 1262 1580 non
1284 1537 1501 1582 succederet
1515 1570 1529 1590 ,

264 1610 308 1650 δε
334 1610 521 1664 pecuniae
554 1608 691 1651 frustra
723 1608 1074 1659 consumerentur3
1105 1611 1343 1664 Megabazus
1375 1611 1529 1665 quidem

265 1693 358 1719 cum
381 1681 577 1734 pecuniis,
604 1694 707 1734 quae
731 1679 901 1734 reliquae
923 1691 1032 1720 erant
1045 1710 1058 1729 ‚
1077 1680 1118 1719 in
1141 1679 1272 1720 Afiam
1295 1680 1419 1721 rediit.
1440 1681 1528 1720 Me-

264 1751 452 1804 gabazum
474 1764 574 1792 vero
597 1752 751 1806 Zopyri
774 1750 895 1792 filium
908 1782 921 1800 ‚
942 1751 1073 1792 virum
1091 1749 1266 1798 Persam,
1288 1762 1378 1790 cum
1397 1749 1532 1802 ingen-

262 1822 369 1862 tibus
401 1823 524 1878 copiis
554 1835 605 1863 eo
637 1821 761 1862 mifit:
786 1822 854 1876 qui
874 1821 1048 1862 terrestri
1076 1822 1212 1862 itinere
1246 1818 1466 1876 profectus,
1485 1818 1528 1859 &

262 1890 487 1946 Aegyptios
508 1891 551 1932 δι
574 1889 702 1932 socios
728 1891 880 1946 proelio
906 1892 1026 1942 vicit,
1046 1891 1089 1932 &
1110 1891 1285 1933 Graecos
1309 1887 1529 1943 Memphide

263 1964 432 2018 expulit,
452 1964 683 2018 tandemque
705 1963 746 2002 in
767 1961 1008 2017 Prosopitide
1031 1959 1151 2001 insula
1169 1972 1238 2000 eos
1257 1956 1463 2006 conclufit3
1483 1970 1530 1998 ac

262 2033 303 2073 in
323 2046 370 2073 ea
393 2046 538 2073 annum
563 2034 754 2086 integrum
772 2032 814 2073 δι
836 2031 901 2073 sex
923 2030 1069 2072 menses
1094 2028 1264 2078 obsedit,
1291 2027 1437 2077 donec,
1459 2040 1527 2067 ex-
1563 2045 1568 2051 ¹

263 2102 406 2144 siccato
427 2102 545 2143 foffae
565 2102 703 2152 alveo,
723 2102 765 2143 δι
786 2115 889 2157 aqua
909 2102 985 2142 alio
1007 2099 1139 2142 aversa
1151 2131 1164 2150 ,
1180 2097 1326 2146 effecit,
1347 2107 1391 2139 ut
1409 2109 1530 2138 naves

262 2173 306 2212 in
322 2171 423 2213 sicco
443 2172 707 2222 confiderent,
726 2173 767 2213 &
788 2186 928 2227 magna
949 2171 1092 2212 insulae
1112 2185 1202 2227 pars
1221 2170 1454 2212 continentis
1476 2169 1531 2209 in-

263 2239 338 2281 star
355 2238 468 2281 effet:
493 2238 731 2294 insulamque
750 2254 840 2282 cum
861 2241 1031 2296 peditatu
1051 2253 1101 2281 eo
1126 2240 1314 2281 traiiciens
1334 2239 1452 2294 cepit.

319 2307 406 2350 CX.
435 2307 499 2349 Sic
519 2308 634 2361 igitur
651 2307 846 2362 perierunt
867 2321 929 2348 res
943 2308 1184 2350 Graecorum
1197 2339 1210 2358 ,
1233 2308 1300 2362 qui
1324 2306 1468 2347 bellum
1489 2306 1530 2346 in

266 2379 457 2435 Aegypto
475 2378 540 2421 sex
560 2391 684 2420 annos
706 2377 913 2432 gesserant,
933 2379 976 2420 &
989 2392 1039 2420 ex
1056 2378 1184 2420 multis
1198 2378 1330 2434 pauci,
1341 2390 1411 2433 per
1425 2375 1529 2417 Afri-

268 2462 355 2491 cam
375 2447 631 2500 transeuntes‚
653 2447 853 2501 Cyrenem
871 2446 965 2489 salvi
988 2457 1270 2502 pervenerunt:
1294 2456 1333 2488 at
1355 2446 1531 2501 plerique
