1670 3094
300 250 426 309 Αιπζῐῐ
569 239 925 286 NOTITIA
956 241 1387 291 LITERARIA

303 361 413 391 rum
452 344 691 402 incidere,
732 346 979 391 miraretur
999 346 1207 393 Andreas
1225 347 1485 393 Dounaeus
1516 347 1582 394 ad
1666 397 1670 400 ,

303 418 690 483 Chrysostomum
708 418 767 471 T.
792 431 899 466 VIII
924 419 1038 465 edit.
1064 419 1201 466 Savil.
1223 437 1271 482 p.
1298 434 1405 480 229.

635 566 893 629 Thucydidis
916 569 1242 616 continuatores.

371 680 665 744 Supplevere
699 677 1317 744 historiampostremorum
1348 683 1463 729 belli
1497 701 1583 732 an-
1666 712 1670 746 1

304 770 484 800 norum
501 754 729 820 Cratippus
741 789 755 812 ‚
770 755 1066 818 Thucydidis
1083 757 1288 817 aequalis
1302 790 1314 813 ‚
1331 758 1463 803 cuius
1480 775 1584 804 me-
1663 751 1670 780 ³

305 827 445 874 minit
457 827 711 889 Dionysius
726 827 1122 874 Halicarnaffenfis
1139 830 1264 875 libro
1283 829 1345 875 de
1363 829 1438 887 iis,
1457 838 1592 891 quae‘

304 900 586 962 Thucydidi
603 900 790 961 propria
809 900 918 946 sunt
930 935 945 958 ,
962 918 1008 962 p.
1024 917 1039 946 1
1052 918 1126 962 43.
1147 901 1432 967 Theopompus
1446 901 1582 960 item,

306 975 422 1021 teste
454 975 726 1021 Marcellino
745 1010 759 1032 7
799 974 839 1021 8c
873 967 1134 1040 Xenophon,
1173 976 1306 1022 cuius
1343 967 1586 1032 Ἑλληνικῖι

305 1049 568 1095 etiamnum
589 1048 731 1095 hodie
748 1049 994 1110 supersunt
1007 1084 1020 1106 ‚
1038 1048 1079 1095 8c
1099 1050 1441 1113 Thucydide-m
1466 1068 1585 1098 con-

278 1174 281 1177 *
306 1125 498 1172 tinuant
509 1125 693 1171 historia
706 1141 941 1171 annorum
955 1138 1158 1182 XLVIII,
1174 1126 1234 1172 ab
1249 1127 1450 1189 Olymp.
1463 1139 1583 1173 XCII

229 1195 260 1256 ¹⁸
308 1214 437 1243 anno
459 1196 675 1244 secundo
701 1197 763 1243 ad
789 1213 970 1244 annum
993 1197 1255 1253 secundum
1282 1199 1586 1262 Olympiadis

308 1283 418 1319 crv.
449 1298 452 1303 ·
818 1270 825 1276 “
1063 1304 1065 1309 -
1382 1317 1390 1322 ,
1417 1319 1420 1322 ,
1580 1267 1588 1299 ¹

307 1404 558 1478 Prssz‘leffztia
581 1404 633 1449 ab
659 1420 703 1449 eo
732 1403 956 1467 descripta.
996 1401 1222 1465 Tyrannus
1237 1401 1413 1446 Atticae
1426 1389 1585 1465 ftbrisss

377 1520 523 1567 Libro
554 1519 854 1582 Thucydidis
883 1517 1091 1564 secundo
1137 1519 1343 1566 occurrit
1386 1518 1586 1564 disertis-

308 1591 426 1637 sima
463 1590 715 1651 descriptio
755 1600 767 1622 ¹
806 1589 1071 1636 horrendae
1105 1583 1428 1650 pestilentiae,
1459 1606 1587 1650 quae

309 1664 656 1727 Thucydidem
673 1663 829 1725 ipsum
847 1663 969 1709 inter
986 1663 1097 1710 alios
1113 1663 1360 1724 corripuit,
1379 1661 1421 1709 8c
1438 1663 1588 1709 Athe-

307 1753 390 1783 nas
404 1736 568 1782 misere
580 1736 740 1782 afflixit
752 1737 915 1782 aestate
932 1736 1042 1781 anni
1057 1752 1081 1795 3
1103 1737 1301 1798 Olymp.
1318 1748 1554 1783 LXXXVII
1571 1754 1585 1787 ;

310 1821 572 1871 memorata
602 1810 881 1871 Hippocrati
903 1826 927 1871 3
966 1809 1183 1871 Epidem.
1215 1807 1318 1855 sect.
1346 1827 1370 1871 3
1389 1843 1404 1866 ‚
1433 1809 1519 1870 qui
1542 1808 1587 1854 ei

308 1900 422 1930 cum
453 1883 640 1929 Acrone
673 1883 864 1929 Medico
898 1882 1212 1948 Agrigentino
1243 1881 1488 1939 interfuit,
1525 1881 1587 1926 de

311 1974 414 2019 quo
447 1957 722 2003 Plutarchus
754 1956 840 2001 sub
870 1967 1139 2001 extremum
1167 1955 1277 2000 libri
1309 1953 1370 1999 de
1400 1953 1521 1999 Iside
1544 1951 1588 1998 8c

309 2030 510 2076 Ofiride.
542 2029 586 2075 A
602 2029 826 2076 Lucretio
844 2027 1146 2091 Thucydidis
1163 2027 1363 2092 vestigiis
1382 2025 1588 2072 infisten-

369 2172 386 2198 ι
409 2158 629 2213 Separatirn
642 2157 737 2198 haec
748 2155 922 2212 pestilen-
979 2168 1031 2196 ne
1049 2156 1140 2196 tulit
1163 2153 1440 2207 Thucydides,
1462 2165 1484 2193 a
1505 2151 1590 2194 Ga-

310 2213 392 2254 tiae
425 2212 633 2267 descriptio
666 2212 828 2265 vulgata
866 2210 921 2251 est
980 2209 1071 2250 leno
1081 2221 1210 2250 tamen
1224 2219 1403 2249 notatum
1414 2205 1484 2257 est,
1495 2218 1589 2246 eum

311 2267 463 2309 Graece
486 2267 676 2307 &Latine
695 2279 786 2307 cum
807 2277 920 2320 prae·
979 2275 1025 2304 ut
1056 2265 1216 2305 idiotam
1244 2263 1286 2304 &
1316 2275 1339 2303 e
1361 2261 1487 2314 vulgo
1518 2260 1588 2300 ali·

1663 1284 1670 1296 n
1666 1261 1670 1268 .
1661 1085 1670 1249 „ma-.-n
1654 844 1670 1070 -zmff———m-an..
1664 796 1670 828 ν-

1655 2284 1666 2313 ’*
1656 2250 1670 2272 r'?
1653 2080 1670 2237 *tw—eff
1654 1384 1670 2066 *vm-«zmar-ffl‘mmm
1664 1355 1670 1373 ⁴

310 2321 546 2362 leffionibus
558 2320 712 2360 Marciis
723 2319 804 2359 five
815 2331 920 2359 com·
980 2331 1120 2372 quem,
1134 2318 1282 2365 idiotis,
1299 2328 1380 2356 non
1399 2326 1588 2368 tanquam
1655 2318 1670 2365 ,ἰ

310 2376 507 2416 mentariis
520 2375 626 2415 Fabii
639 2374 814 2422 Paulini,
834 2374 917 2413 Ve-
978 2372 1177 2412 Medicum
1206 2370 1368 2411 Medicis
1399 2369 1446 2408 de
1479 2367 1590 2422 pesti·
1652 2368 1663 2409 ἔ

311 2430 429 2470 netiis
453 2429 558 2484 apud
577 2429 712 2469 luntas
740 2426 854 2479 1'603.
881 2443 917 2475 4·
979 2426 1095 2466 lentia
1117 2423 1295 2478 scripsisse
1316 2423 1374 2474 11,
1397 2434 1423 2476 7
1449 2422 1496 2463 de
1517 2419 1589 2466 dis·r
1649 2428 1670 2486 η

1653 2488 1670 2515 :a

312 2483 568 2537 Quamquam
606 2495 705 2523 vero
731 2481 919 2534 eloquen-
978 2479 1072 2521 ficili
1093 2477 1262 2534 respirat.

310 2539 389 2585 tiae
399 2538 553 2580 laudem
565 2538 605 2579 in
617 2537 688 2579 hac
701 2535 923 2591 descriptio-

1650 2565 1670 2591 21.

1653 2600 1670 2634 -Υ
