1670 3094
258 173 364 224 3u
477 141 1346 204 ANNoTATIONEs

269 244 366 284 dixit
381 243 599 296 κωλύματα
619 243 674 296 μὴ
698 240 920 297 αὐξηθῆναι.
941 242 1015 285 Sed
1037 244 1078 286 &
1095 244 1142 285 de
1169 243 1246 286 hoc
1265 244 1389 285 obiter
1410 239 1546 287 admo=

270 298 398 348 nebo,
419 298 527 352 quod
548 298 777 340 Scholiastes
798 299 978 338 omittere
999 311 1080 339 non
1101 298 1255 348 debuit,
1275 300 1455 339 nimirum
1473 299 1548 341 sic·

267 362 315 392 ut
343 352 466 392 λείπει
495 353 679 394 articulus
705 351 797 402 τοῦ,
818 353 871 392 ita
904 351 1069 394 viciffim
1094 351 1296 405 παρέλκειν
1318 354 1543 407 negativam

268 405 347 458 μίιε
370 404 466 446 sicut
492 407 533 447 &
559 405 696 461 supra,
721 406 762 446 in
787 406 980 460 quendam
1005 406 1139 447 locum
1162 419 1197 447 c.
1229 419 1277 447 10
1309 419 1396 447 eam
1416 407 1548 448 Ἀττι-

271 458 350 499 κῶς
367 460 572 513 παρέλκειν
593 459 830 501 observavit.
857 459 1010 501 STEPH.
1031 459 1185 502 Camer.
1208 473 1373 515 quoque
1395 458 1462 501 τοῦ
1480 461 1548 506 de·⁴

269 512 348 554 effe
365 512 555 554 existimat
573 526 641 568 per
659 512 818 567 ellipsin.

325 567 421 619 Pag.
447 582 509 619 27.
531 569 557 607 l.
583 580 618 620 5.
640 566 788 620 Αὕξειν)
811 566 1033 620 Quomodo
1057 581 1148 609 cum
1167 567 1294 609 verbo
1313 566 1444 620 αὔξειν
1461 580 1546 609 non

270 619 402 661 minus
424 623 467 659 το
495 620 634 673 σῶμα,
661 634 781 675 quam
808 625 874 663 τον
898 620 995 663 'ism
1027 616 1123 663 ainau
1148 621 1308 676 iungere
1357 621 1546 663 offimus?

270 674 367 715 Hoc
386 687 435 715 ne
454 673 672 715 faciendum
696 673 742 714 sit
754 705 766 724 ,
782 687 864 714 non
884 674 972 729 post
995 674 1263 729 προορώμενοι,
1279 674 1302 715 s
1364 675 1450 730 post
1471 674 1546 716 σῶ-

268 741 333 778 μα
354 729 606 783 interpungo:
632 729 672 770 δι
697 728 840 783 aliquid
866 739 1064 783 praeterea
1090 729 1138 769 de
1160 729 1238 770 hoc
1263 728 1357 771 loco
1379 731 1421 770 in
1449 730 1548 771 meis

273 783 597 822 annotationibus
618 782 657 822 in
678 781 928 823 Scholiastem
952 782 1054 823 vide.
1078 782 1229 823 Sura.

328 840 404 876 ead.
432 837 456 876 I.
482 836 520 876 6.
546 835 766 890 Μάλιστα)
784 837 946 877 Minime
968 835 1132 891 separari
1161 835 1275 876 debet
1290 835 1474 887 μάλιστα
1497 836 1548 878 ab

272 887 382 930 850⁹:
404 903 495 931 cum
517 891 583 931 alii
606 891 721 931 etiam
742 890 927 931 testentur
953 890 1052 941 loci,
1073 889 1373 943 Thucydideum
1394 889 1468 932 effe
1492 891 1549 931 ita

273 942 409 997 loqui,
434 944 515 985 ὅσον
539 942 720 986 &souma
752 944 950 997 μάλιστα.
980 944 1247 999 Expungenda
1277 943 1394 997 igitur
1410 975 1424 994 ‚
1445 957 1550 998 quae

271 997 364 1052 post
383 996 647 1040 &savam-est
667 997 941 1053 interpunffio.
961 998 1088 1039 IDEM.
1113 998 1243 1039 Habet
1268 997 1400 1038 Suidas
1418 999 1459 1038 in
1470 997 1551 1050 μίο-

276 1063 420 1102 λιστοι,
441 1052 575 1094 Schol.
596 1051 758 1094 secutus.
785 1052 958 1106 Hesych.
983 1051 1152 1106 ceptispez,
1175 1051 1292 1093 πάνυ.
1313 1053 1459 1092 WASS.

331 1109 407 1146 ead.
431 1107 456 1146 l.
487 1121 527 1159 7.
559 1106 595 1146 Εἰ
626 1107 678 1158 μὴ
711 1105 783 1147 εἴτι
810 1106 913 1161 διε.)
937 1106 1044 1147 Idem
1076 1106 1239 1147 omnino
1260 1103 1390 1146 sensus
1416 1104 1471 1147 est
1494 1104 1551 1146 le-

275 1158 421 1200 &ionis
439 1160 602 1214 margini
622 1159 854 1215 adscriptae,
875 1174 957 1202 non
984 1161 1147 1216 repetita
1170 1159 1356 1214 particula
1380 1158 1411 1200 εἰ
1425 1188 1437 1208 ,
1455 1158 1552 1200 ficut

275 1214 319 1253 in
342 1214 472 1255 altera.
499 1216 652 1255 Verum
673 1215 814 1255 horum
833 1217 928 1269 προς
953 1214 1161 1269 περιοίκους
1189 1213 1381 1254 bellorum
1405 1226 1454 1253 an
1479 1213 1552 1253 ali-

279 1269 390 1322 quod
420 1268 624 1323 ἀξιὸλογον
652 1267 761 1309 fuiffe
790 1268 897 1323 ἔργον
928 1267 1128 1310 dicemus?
1158 1268 1272 1308 Hanc
1308 1266 1555 1319 Thucydidis

281 1333 452 1363 mentem
469 1322 577 1363 fuiffe
602 1335 683 1363 non
703 1333 822 1377 puto:
842 1322 904 1363 sed
923 1335 1003 1363 non
1023 1321 1131 1363 secus
1163 1321 1428 1376 accipiendum
1449 1321 1554 1362 hunc

281 1376 440 1427 locum,
465 1390 582 1431 quam
614 1376 644 1417 fi
673 1375 894 1431 scripsiffet,
923 1378 1032 1416 ἀλλὰ
1050 1376 1155 1428 μόνον
1179 1375 1361 1429 ἐπράχθη
1385 1375 1425 1415 τι
1458 1377 1553 1429 πρὶς

280 1431 489 1484 περιοίκους
513 1430 600 1471 τοὺς
618 1424 741 1472 αὑτῶν
766 1429 955 1471 ἑκάστοις.
979 1441 1023 1471 ut
1055 1443 1124 1492 per
1150 1430 1188 1468 τὶ
1210 1428 1467 1482 intelligamus
1491 1441 1553 1469 res

279 1485 429 1539 aliquas
461 1483 582 1539 gestas
607 1483 707 1535 ess‘e,
739 1497 822 1531 non
856 1484 1125 1525 memorabiles
1156 1482 1241 1523 illas
1326 1483 1425 1523 'dem
1443 1513 1456 1532 ‚
1487 1481 1552 1523 sed

280 1538 581 1594 qualescunque.
613 1539 728 1580 Valla
751 1549 881 1579 tamen
906 1539 985 1579 hoc
1012 1536 1260 1579 animadvert·
1293 1550 1316 1578 e
1337 1549 1420 1577 non
1443 1537 1553 1578 vide-

281 1603 372 1635 tur:
405 1595 548 1648 quippe
584 1593 652 1647 qui
678 1594 840 1633 verterit
860 1624 873 1642 ,
902 1593 943 1632 A
969 1593 1092 1647 quibus
1113 1591 1243 1631 nullum
1275 1605 1363 1644 opus
1393 1592 1554 1632 memoria

285 1651 424 1703 dignum
443 1654 552 1688 ablum
572 1650 640 1701 est,
666 1649 733 1700 nisi
753 1648 894 1701 aliquod
920 1647 1080 1700 adversits
1094 1646 1181 1699 ficos
1201 1645 1330 1699 quibus
1338 1658 1379 1684 ue
1402 1646 1551 1686 vicinos.

283 1703 508 1744 Videndum
531 1712 676 1749 autem,
692 1707 810 1754 (nam
833 1700 875 1741 &
893 1700 939 1740 de
962 1700 1038 1741 hoc
1058 1700 1185 1741 obiter
1205 1711 1324 1739 mone
1388 1697 1406 1752 )
1429 1711 1480 1738 an
1498 1697 1554 1752 ἕρ-

284 1772 359 1811 ‘yov
382 1755 585 1810 ἀξιόλογον
607 1768 658 1796 ex
677 1768 759 1809 cap.
790 1768 834 1808 15
860 1767 1056 1809 exponere
1078 1753 1287 1794 debeamus
1307 1750 1382 1793 ’ὅθεν
1407 1752 1467 1793 τὶς
1485 1751 1555 1792 καὶ

284 1810 448 1861 δύναμις
475 1809 726 1864 παρεγένετο.
751 1809 837 1863 Ego
862 1819 965 1849 certe
995 1807 1067 1848 sub
1095 1821 1118 1848 a
1147 1806 1352 1861 pellatione
1372 1805 1436 1845 illa
1457 1804 1556 1846 istud

285 1865 443 1920 quidem
457 1895 469 1913 ‚
491 1863 552 1904 sed
571 1877 659 1904 cum
687 1863 768 1903 aliis
794 1862 922 1903 multis
935 1894 948 1913 ,
969 1875 1127 1916 compre
1154 1861 1243 1902 endi
1263 1858 1450 1902 existimo.
1476 1859 1555 1900 Ce-

286 1930 415 1960 terum
440 1916 724 1960 observandum
739 1916 851 1958 fimul
869 1915 922 1957 est
949 1917 989 1956 in
1010 1916 1156 1957 horum
1175 1914 1353 1955 locorum
1378 1912 1555 1954 collatio·

286 1986 361 2023 ne,
386 1986 501 2020 eum,
531 1970 734 2025 postquam
759 1971 823 2012 hic
850 1971 967 2019 dixit,
992 1970 1168 2019 nullum,
1194 1968 1295 2009 unde
1315 1967 1366 2008 ali
1394 1967 1458 2007 uid
1481 1979 1555 2021 po·

287 2028 430 2068 tentiae
449 2024 658 2074 accesserit,
678 2025 885 2066 excitatum
907 2023 982 2065 effe
1001 2023 1144 2065 bellum
1156 2053 1168 2072 ‚
1183 2022 1342 2071 addere,
1375 2021 1422 2061 ed
1441 2035 1465 2058 a
1478 2023 1556 2073 fin-

285 2081 382 2136 gulis
403 2079 567 2131 adverfics
584 2080 654 2131 fibi
668 2079 840 2130 finitimos
861 2091 995 2118 tantum
1014 2079 1104 2133 gesta
1112 2076 1239 2130 flssffi³
1258 2086 1441 2128 tanquam
1460 2074 1555 2116 haec

287 2147 341 2176 ex
371 2134 441 2173 illo
470 2132 661 2173 bellorum
691 2145 830 2186 genere
853 2144 934 2173 non
966 2131 1066 2180 sint,
1097 2143 1257 2178 eorum,
1289 2129 1476 2182 inquam,
1502 2140 1556 2168 ex

289 2188 437 2242 quibus
457 2186 598 2239 aliquid
623 2187 819 2240 potentiae
844 2199 889 2227 ac
917 2185 1073 2226 uiritur:
1098 2195 1215 2238 atque
1232 2182 1309 2223 hoc
1366 2195 1412 2222 ro
1428 2182 1472 2221 iis
1497 2180 1554 2222 fa-

289 2254 404 2292 cere,
426 2253 528 2295 quae
550 2240 596 2279 de
625 2238 749 2279 altero
775 2239 866 2280 loco
920 2240 994 2288 ixi,
1013 2249 1059 2279 ut
1082 2238 1219 2279 eodem
1254 2250 1293 2276 m
1346 2248 1374 2275 o
1402 2234 1554 2276 nullum

290 2295 494 2348 ἀξιόλογον
514 2292 626 2347 ἔργον
644 2293 750 2333 bellis
775 2292 956 2332 adversus
978 2291 1063 2332 τοὺς
1091 2290 1303 2354 περιοίκους]
1315 2288 1425 2343 gestis
1449 2288 1554 2330 velle

290 2349 465 2390 tribuere
496 2347 676 2388 dicamus.
700 2347 852 2387 STEPH.
883 2345 1058 2400 Quidam
1087 2343 1174 2385 Mff.
1199 2342 1229 2385 εἰ
1251 2358 1305 2395 μη
1337 2357 1377 2383 τι
1390 2374 1403 2394 ,
1428 2344 1556 2384 minus

287 2404 495 2457 eleganter.
523 2403 669 2442 WAss.
901 2449 920 2458 „

354 2459 430 2499 ead.
452 2456 480 2499 1.
514 2467 572 2496 ιι.
605 2452 860 2511 Ἀτολμοτέροι
887 2453 1014 2505 εἰναι)
1042 2451 1207 2495 Admitti
1244 2452 1266 2506 (
1275 2463 1366 2493 meo
1395 2450 1555 2506 quidem
