1670 3094
303 190 396 239 290
502 173 1369 224 ANNOTATIONES

364 264 439 301 ead.
469 262 492 302 l.
523 276 580 311 14.
608 265 669 303 'En
693 261 764 303 τοῦ
791 263 1075 310 ἑπιπλεῖστον)
1107 263 1226 304 Hunc
1250 264 1381 305 locum
1407 264 1572 308 afferens

297 315 399 356 idem
418 316 529 357 Max,
555 317 658 369 Tyr.
686 317 848 365 ibidem,
881 330 961 359 non
984 318 1087 358 addit
1121 317 1164 357 ἐκ,
1189 316 1258 358 τοῦ
1293 319 1572 362 &monere-m:

298 369 354 410 ita
374 369 531 425 legens,
559 369 753 426 ‘ruivfflyofiv
785 370 991 419 Ἀττικὴν,
1019 370 1091 412 seb,
1114 374 1158 410 τδ
1189 373 1415 426 λεπτόγεων
1461 370 1570 425 εἶναι,

298 424 572 465 ἀστασίαστον
607 427 747 474 οὖσαν,
779 423 982 478 ἄνθρωποι,
1013 425 1088 466 &c.
1118 425 1167 465 Et
1193 427 1300 480 quod
1330 427 1370 466 in
1397 428 1571 481 margine

297 479 543 532 quorundam
563 489 659 519 vett.
682 478 793 519 codd.
816 492 840 519 e
861 480 1021 532 regione
1050 479 1163 519 huius
1186 479 1264 522 loci
1286 479 1570 534 supervacanee

299 532 467 573 additum
488 532 570 580 est,
586 531 783 584 ’γράφεται
806 531 849 572 ἐκ
867 533 937 572 τοι]
956 531 1230 581 ἑπιπλεῖστον,
1257 546 1406 574 certum
1429 534 1503 584 est,
1522 549 1571 575 ex

299 585 526 640 quibusdam
544 584 652 625 fuisse
675 586 841 638 primum
865 585 1117 644 descriptung,
1138 587 1176 626 in
1223 587 1339 628 uibus
1357 589 1395 628 id
1419 602 1500 629 non
1519 589 1571 630 le-

299 641 474 693 gebatur.
502 639 629 692 Quod
650 650 780 679 autem
812 640 946 680 attinet
976 640 1024 679 ad
1053 644 1169 690 εῖναι,
1217 654 1282 681 ive
1307 642 1570 693 adscribatur,

298 693 382 734 five
404 706 484 733 non
497 723 509 739 ‚
527 695 628 733 idem
647 702 776 733 manet
794 691 945 733 sensus:
969 693 1031 733 sed
1045 692 1073 732 sl
1092 692 1244 747 legatur
1263 695 1489 749 λεπτόγεων
1511 693 1570 738 εἷ·-

298 763 358 787 νιιι
372 777 383 795 .,
404 747 635 788 adieffivum
658 747 732 787 erit
754 747 999 801 λεπτόγεων,
1023 747 1129 800 quod
1157 748 1339 801 iungetur
1367 763 1455 790 cum
1481 751 1570 790 Ἀτ-

298 803 425 851 τικῖιν,
449 812 494 842 ut
521 800 592 851 fit,
616 799 687 840 5³1&
706 803 749 841 τὶ
773 796 865 841 εἶναι
884 799 1128 854 λεπτόγεωνε
1157 800 1213 840 fin
1231 798 1325 843 eim
1347 816 1428 844 non
1447 804 1571 844 adda·
1643 823 1650 827 ·

299 866 386 905 tur,
414 857 459 894 ‘rb
481 854 709 908 λεπτόγεων
731 853 955 895 substantivi
975 854 1103 894 forma
1128 853 1294 908 positum
1317 858 1402 897 erit.
1424 871 1470 900 ac
1487 872 1570 899 cer-

299 920 338 949 te
361 909 602 1004 ansgis-bigami
623 908 880 1003 εηέἰξᾶὴὲἓς
894 907 1023 1002 nfostra
1039 908 1342 1005 Remi-sup}
1355 911 1436 951 Ἐπὶ
1453 912 1569 1007 Ἥξ-

300 977 389 1003 στον
453 977 484 1003 ri
563 976 653 1003 cum
771 992 779 1001 .
871 976 910 1002 m
929 975 970 1003 ra
1015 975 1037 1002 a
1065 992 1075 1001 .
1171 975 1223 1002 m.
1334 978 1375 1004 ra
1399 979 1440 1005 v.

299 1018 351 1068 76
377 977 512 1068 &⁶11,
548 1031 594 1079 35
622 1015 724 1057 eafl:
753 1016 825 1057 Gr.
854 975 1067 1070 Atquepit{
1097 975 1328 1067 (⁷:icer0³x‚
1360 977 1398 1057 se
1421 1019 1491 1073 Ep.
1521 997 1568 1061 ad

297 1071 486 1113 Atticum.
508 1070 675 1112 Divifim
706 1082 812 1111 certe
825 1101 838 1118 ,
864 1071 931 1111 ubi
959 1083 1040 1111 non
1073 1070 1344 1119 adverbiascit‚
1367 1073 1432 1112 vel
1459 1075 1569 1126 geni.

297 1125 385 1167 tivo
405 1125 602 1180 sequente.
626 1124 732 1165 Cum
751 1122 839 1164 Mff.
859 1123 928 1164 stat
950 1126 992 1166 &
1014 1124 1237 1178 Xenophon
1253 1126 1355 1177 679,
1376 1126 1419 1166 &
1438 1128 1568 1170 Heme

297 1180 414 1221 dotus
439 1180 524 1229 VI,
554 1193 640 1229 127.
671 1178 923 1219 Coniunffim
957 1178 1216 1232 Hippocrates
1242 1179 1259 1229 §
1294 1179 1352 1220 111
1374 1193 1462 1234 pag.
1495 1195 1570 1231 14,

297 1233 341 1273 &
365 1232 550 1289 Iosephus
578 1231 755 1273 Hudson.
783 1246 869 1286 pag.
905 1231 1030 1283 13083
1051 1231 1112 1271 sed
1142 1246 1169 1272 o
1196 1245 1351 1273 eratum
1383 1233 1485 1276 forte
1513 1236 1568 1276 in-

297 1289 414 1328 curia.
431 1288 479 1328 In
497 1286 732 1340 Thucydide
754 1287 808 1336 V,
827 1287 878 1335 46
901 1286 1031 1326 malim
1054 1286 1096 1325 δι
1116 1286 1167 1326 ἐπ
1204 1286 1387 1328 πλεῖστον
1405 1301 1493 1329 cum
1513 1290 1562 1331 C.

297 1341 399 1382 Cass.
430 1341 501 1383 Gr.
535 1342 624 1382 licet
646 1341 739 1381 alibi
758 1340 992 1381 coniunctim
1025 1339 1164 1380 noster.
1189 1339 1392 1396 Appianus
1416 1341 1468 1384 86
1498 1343 1564 1384 ἐπὶ

298 1396 502 1437 πλεῖστον.
523 1396 671 1435 WASS.

349 1451 433 1492 ibid.
456 1452 536 1490 Διὲι
561 1452 607 1489 τὸ
630 1448 879 1502 λεπτόγεων)
905 1448 999 1489 Erat
1019 1448 1122 1489 enim
1144 1446 1270 1489 solum
1297 1448 1472 1491 Atticum
1500 1464 1568 1505 pa-

296 1517 386 1544 rum
408 1504 522 1546 uber:
537 1502 606 1558 ipsi
625 1503 779 1557 deparci
800 1502 946 1550 vinus,
968 1502 1094 1556 qualis
1111 1501 1315 1543 hominum
1333 1517 1567 1559 pauperum:

297 1568 382 1599 tota
406 1559 514 1599 vitae
531 1559 634 1598 ratio
662 1556 835 1597 adstriaa
853 1557 895 1598 &
920 1556 1091 1610 diligens.
1111 1556 1212 1597 Vide
1240 1555 1403 1598 Casaub.
1425 1558 1567 1598 Anim-

296 1612 444 1653 advers.
479 1612 522 1652 in
552 1611 796 1652 Athenaeum
809 1642 821 1660 ,
841 1623 929 1665 pag.
959 1624 1023 1664 95.
1054 1611 1194 1650 Huns.
1229 1610 1278 1650 Et
1313 1610 1440 1653 Schol.
1472 1612 1568 1654 Ari-

295 1665 420 1721 stoph.
444 1666 615 1707 Acharn.
639 1680 681 1705 v.
710 1679 787 1719 75,
807 1665 850 1706 δι
873 1666 954 1705 Αν.
985 1676 1069 1717 123.
1098 1664 1264 1705 Videtur
1287 1665 1403 1706 etiam
1426 1679 1478 1707 eo
1507 1680 1567 1708 re-

295 1720 439 1783 spicere
462 1721 620 1761 Lucian.
637 1719 804 1760 Encom.
825 1718 926 1759 Patr.
951 1732 992 1773 p.
1022 1717 1116 1766 480.
1135 1717 1235 1758 Add.
1258 1718 1403 1773 Spanh.
1427 1720 1475 1761 ad
1497 1720 1567 1761 Iu-

297 1774 388 1815 han.
410 1774 523 1816 Orat.
542 1774 585 1824 1,
601 1788 640 1828 p.
663 1773 740 1823 78,
759 1774 803 1814 v&
823 1773 872 1813 ad
891 1770 1084 1840 Aristoph.
1106 1771 1213 1812 Nub.
1229 1785 1270 1812 v.
1295 1772 1384 1828 298.

301 1863 305 1867 .
350 1829 444 1881 Pag.
470 1830 507 1869 6.
527 1829 554 1869 l.
587 1827 770 1868 ι.”Ωκουν
788 1825 823 1866 οἱ
846 1822 954 1867 αὐτοὶ
982 1825 1067 1875 ἀει)
1095 1826 1287 1867 Herodot.
1306 1827 1371 1867 lib.
1398 1841 1448 1879 7:
1474 1828 1567 1870 ’Eby-

294 1897 363 1924 τες
387 1882 594 1931 Ἀθηναῖοι,
619 1880 886 1935 ἀρχαιότατον
906 1880 976 1931 μὲν
1005 1878 1102 1920 ἔθνος
1132 1879 1412 1934 παρεχόμενοι,
1438 1880 1566 1934 μοῦνοι

294 1937 343 1977 ἑὲ
364 1935 485 1978 ἐόντες
510 1931 548 1976 οὗ
568 1935 819 1987 μετανάσται
840 1932 1033 1975 Ἑλλήνων.
1060 1933 1200 1975 Huns.

349 1994 425 2031 ead.
438 1992 463 2030 l.
486 2003 517 2042 3.
538 1987 762 2042 Μετοικίας)
775 1988 934 2029 Rectius
953 1987 1032 2041 legi
1046 1986 1201 2028 videtur
1215 1986 1436 2039 μετοικίας,
1454 1989 1564 2044 quod

296 2044 433 2085 melius
461 2043 686 2098 respondeat
710 2042 806 2083 voci
826 2041 1143 2094 μεταναστάσεις
1156 2072 1169 2091 ,
1197 2041 1317 2096 paulo
1340 2052 1429 2084 ante
1450 2056 1562 2096 prae-

294 2098 465 2145 cedenti,
496 2111 615 2151 quam
638 2097 730 2137 illud
752 2095 916 2136 alterum
947 2094 1128 2135 ἑποικίας.
1154 2095 1216 2136 Sic
1243 2095 1286 2136 δι
1311 2108 1397 2150 pag.
1427 2109 1504 2147 20,
1540 2095 1563 2141 ἦ

293 2149 430 2202 Ἑλλὰς
448 2150 504 2192 ἔτι
519 2150 785 2203 μετανίστατό
808 2165 853 2189 τε
875 2150 942 2189 καὶ
964 2149 1208 2201 μετῳκὲζετο.
1229 2148 1381 2190 Sum-1.

346 2209 422 2246 ead.
448 2205 477 2244 l.
501 2219 542 2256 7.
560 2207 655 2243 'Aorb
681 2201 882 2257 παλαιοῦ)
904 2203 996 2244 vid.
1017 2201 1124 2242 Petit.
1146 2202 1238 2256 Leg.
1261 2202 1381 2244 Attic.
1401 2217 1440 2258 p.
1471 2217 1487 2243 1
1520 2217 1559 2246 ο.

347 2262 424 2300 ead.
446 2259 472 2298 l.
498 2274 513 2298 1
547 2288 557 2298 .
575 2259 701 2298 Ἀλλὰ,
731 2260 785 2297 τὰ
802 2256 873 2308 μὲν
897 2257 1000 2306 διε.)
1033 2255 1250 2310 Suspicetur
1277 2257 1440 2312 aliquis,
1461 2218 1561 2300 V321-

292 2313 370 2354 lam
391 2313 500 2354 aliter
514 2273 669 2365 -fegiss'ffi
692 2324 781 2352 cum
816 2320 964 2360 vertat,
986 2313 1150 2366 quaedam
1177 2311 1254 2351 loca
1273 2325 1354 2351 ante
1382 2313 1560 2353 Hellenem

1651 2162 1659 2174 ι.

1647 2188 1660 2204 Γ»

1653 2206 1670 2221 ἵν’

1647 2222 1665 2236 ῖς

1650 2241 1664 2252 «A,

292 2367 521 2408 Deucalionis
532 2367 650 2418 filium
663 2381 675 2405 .·
705 2377 845 2405 verum
869 2376 946 2417 ego
980 2375 1061 2404 non
1084 2362 1199 2403 aliam
1227 2362 1399 2406 secutum
1424 2365 1559 2408 Iefflo-
1627 2369 1664 2422 Ἃ,

292 2433 382 2462 nem
406 2419 504 2471 effe,
530 2419 593 2460 sed
615 2418 746 2480 χωρία
769 2416 1067 2458 subaudiendum
1089 2416 1337 2468 existimasse,
1366 2420 1559 2470 arbitror,

294 2475 338 2518 &
357 2476 412 2517 τὰ
431 2487 506 2532 pre
522 2475 608 2524 τινὰ
626 2472 896 2528 accipiendum.
919 2470 1028 2512 Falso
1052 2482 1182 2513 autem
1200 2472 1237 2513 id
1256 2471 1446 2515 credidiffe
1466 2486 1559 2521 con-
