1670 3094
287 236 352 286 90
506 211 1264 268 -'THUCYD1DIS

289 308 488 382 ἓπεξῆει’
476 337 516 373 ες
547 313 722 386 μάχην,
755 312 1010 379 ἀπετείχισε
1043 339 1090 368 το
1122 318 1172 367 ἐκ
1205 340 1276 377 της
1311 314 1557 380 Παλλήνης

287 395 440 455 τεῖχος
461 415 538 444 και
561 389 687 450 οὕτως
710 390 782 453 min
803 415 928 444 κατα
949 392 1098 466 κροὶτος
1117 395 1139 454 ἦ
1159 392 1421 465 Ποτίδαια’
1398 416 1433 445 α
1429 404 1556 465 puwo-

286 465 449 542 τέρωθεν
458 471 755 562 ἐπολιορκεῖτο
768 506 780 524 ,
811 491 890 520 και
919 471 968 521 ἐκ
994 468 1246 530 θαλασσης
1279 492 1422 523 ναυσιν
1447 467 1556 542 ἅμα

285 542 587 637 ἒφορμουσαις.

347 616 430 684 ge'.
458 617 671 702 Ἀριστευς
694 610 760 674 cie,
786 621 1176 684 ἆπνοτειχισθτεισης
1200 619 1352 683 αὐτ-ης,
1378 646 1455 675 και
1479 625 1555 675 ἒλ-

283 697 393 750 πίὸοο
421 695 656 790 οὐδεμίαν
645 703 754 759 έχων
785 703 1012 769 σωτηρίοις,
1038 721 1080 757 ην
1107 722 1169 768 μη
1201 721 1241 749 τι
1276 694 1367 750 ἀπο
1398 699 1553 751 Πελο-

284 795 483 834 ποννησου
510 797 533 834 η
567 771 691 825 οίλλο
720 773 976 845 παράλογον
1012 778 1244 838 γίγνηται,
1283 772 1553 838 ξυνεβουλευε

281 871 380 922 μεν,
404 842 519 910 πλην
543 853 853 904 πεντακοσίων,
880 847 1030 920 οίνεμον
1054 871 1260 922 τηρησασι
1287 874 1370 908 τοις
1393 849 1551 909 ἄλλοις

282 927 549 982 ὲκπλευσαι,
574 925 688 1022 ὅπως
710 921 911 977 ἒπιπλέον
933 929 951 975 ὁ
971 928 1084 983 σῖτος
1103 930 1300 993 οἱντίσχη·
1321 950 1400 979 και
1421 922 1548 985 αὐτος

282 1003 402 1064 ηθελε
423 1027 502 1055 των
520 1026 717 1074 μενον-των
737 1000 851 1054 εἶναι.
873 1003 928 1060 ὡς
952 1002 994 1053 ὃ
1013 1005 1088 1054 οὐκ
1109 999 1241 1055 επειθε
1254 1039 1266 1058 ,
1291 1002 1551 1072 βουλομενος

280 1101 341 1130 τοι
375 1075 445 1131 ἐπι
480 1103 634 1138 τουτοις
666 1078 1030 1171 παρασκευάζειν,
1067 1101 1146 1130 και
1175 1077 1289 1137 ὅπως
1317 1101 1379 1131 τα
1409 1076 1548 1143 εξωθεν

279 1150 409 1212 2321
382 1179 437 1214 ως
461 1154 646 1229 οἶριστα,
668 1152 852 1208 ἔκπλουν
873 1158 1055 1207 ποιεῖται
1080 1149 1222 1207 λαθων
1247 1178 1314 1216 την
1340 1148 1549 1219 Φυλακην

277 1256 357 1284 των
384 1232 615 1294 Ἀθηναίων,
642 1256 720 1285 και
743 1253 1000 1304 παραμενων
1027 1233 1062 1282 ὲν
1086 1230 1396 1287 Χαλκιδεῦσι,
1415 1255 1476 1283 τα
1498 1253 1547 1283 τε

278 1308 415 1361 αλλα
452 1305 678 1380 ὲπολεμει,
715 1331 794 1360 και
836 1307 1088 1380 Σερμυλίων
1121 1305 1324 1371 λοχησας
1358 1330 1461 1381 προς
1495 1309 1546 1373 τῇ

272 1479 351 1520 ret,
374 1483 553 1519 murum,
574 1471 643 1524 qui
668 1469 847 1511 Pallenen
869 1468 1004 1511 versus
1029 1467 1248 1523 speetabat,
1271 1468 1379 1511 vallo
1402 1469 1542 1509 cinxit.

271 1537 403 1593 Atque
422 1539 474 1579 ita
500 1538 681 1580 Potidaea
705 1538 781 1579 iam
804 1539 987 1593 utrinque
1011 1538 1263 1579 vehementer
1287 1537 1543 1591 oppugnaba-

265 1615 353 1654 tur,
372 1605 486 1647 simul
506 1608 624 1648 etiam
643 1619 667 1648 a
687 1606 783 1649 mari
807 1605 978 1661 graviter
998 1605 1267 1660 premebatur,
1280 1603 1452 1647 navibus
1469 1603 1542 1646 sta-

266 1676 417 1717 tionem
437 1675 620 1718 adversus
641 1675 760 1732 ipsam
783 1675 1029 1716 habentibus.

320 1746 445 1788 LXV.
474 1745 648 1787 Aristeus
667 1759 792 1796 vero,
814 1759 907 1786 cum
934 1743 1058 1786 urbs
1049 1758 1125 1786 iam
1150 1743 1243 1786 effet
1266 1744 1539 1788 circumvalla·

266 1826 331 1865 ta,
349 1830 421 1858 nec
449 1817 568 1859 ullam
599 1816 728 1858 salutis
758 1816 862 1871 spem
888 1815 1070 1866 haberet,
1093 1815 1164 1856 nifi
1187 1814 1216 1855 s1
1235 1816 1328 1870 quid
1356 1828 1406 1856 ex
1424 1815 1537 1857 Pelo-

263 1886 463 1941 ponneso,
493 1898 560 1930 aut
585 1887 729 1942 aliquid
751 1887 857 1928 aliud
886 1885 1122 1942 insperatum
1153 1886 1362 1937 accideret,
1391 1885 1534 1928 au&or

263 1969 369 2008 erat,
394 1969 461 2009 ut,
483 1959 704 2013 quingentis
727 1959 917 2014 exceptis,
940 1958 1059 2000 ceteri
1091 1957 1301 2000 observato
1325 1967 1451 1999 vento
1476 1956 1534 1998 se-

262 2026 394 2067 cundo
413 2027 580 2069 navibus
601 2028 779 2078 abirent,
798 2038 841 2069 ut
861 2041 923 2069 res
945 2026 1195 2070 frumentaria
1217 2026 1359 2068 diutius
1377 2025 1534 2068 obseffis

262 2094 505 2152 suppeteret:
535 2109 652 2153 atque
669 2097 747 2153 ipse
777 2111 879 2139 unus
905 2097 980 2139 effe
1009 2097 1170 2140 volebat
1199 2095 1246 2137 de
1271 2108 1438 2138 numero
1462 2109 1534 2138 eo·

262 2180 376 2218 rum,
397 2169 465 2222 qui
488 2179 743 2210 remanerent.
773 2168 848 2210 Sed
872 2182 962 2210 cum
987 2181 1070 2209 rem
1099 2167 1173 2209 illis
1196 2166 1422 2222 persuadere
1447 2179 1532 2208 non

262 2238 410 2294 poffet,
433 2252 480 2280 ac
505 2252 553 2280 ea
566 2270 578 2290 ,
597 2252 697 2294 quae
718 2239 779 2280 his
800 2239 981 2294 proxima
1005 2247 1141 2288 erant,
1163 2249 1299 2292 parare
1322 2236 1467 2286 vellet,
1489 2236 1531 2278 δι

263 2319 422 2362 operam
445 2307 573 2358 daret,
593 2317 657 2356 ut,
673 2321 772 2362 quae
793 2307 888 2348 foris
905 2317 1014 2348 erant
1027 2337 1040 2357 ‚
1057 2306 1202 2361 optime
1225 2304 1301 2347 sese
1322 2305 1505 2351 haberent
1517 2337 1530 2355 ‚

261 2376 361 2418 clam
372 2365 663 2419 Athenienfium
680 2375 867 2432 praesidio
880 2377 967 2418 inde
979 2375 1215 2430 enavigavit.
1228 2375 1277 2416 Et
1292 2376 1400 2430 apud
1413 2375 1530 2417 Chal-

261 2446 428 2489 cidenses
450 2460 697 2504 permanens,
722 2462 813 2490 cum
844 2448 938 2490 alias
957 2461 1020 2490 res
1048 2447 1203 2489 bellicas
1228 2446 1502 2488 administravit
1515 2478 1527 2497 ,

260 2527 344 2560 tum
368 2519 509 2570 etiam,
534 2519 678 2562 insidiis
700 2519 747 2562 ad
769 2518 1052 2574 Sermyliorum
1078 2518 1217 2561 urbem
1241 2517 1401 2570 locatis,
1426 2516 1526 2560 mul-
