1670 3094
269 142 361 206 296
466 141 1328 194 ANNOTATIONES

315 232 389 269 ead.
410 230 434 268 l.
463 236 522 282 132
543 228 615 268 Καὶ
637 227 700 270 νῦν
725 226 807 279 οἷς)
832 230 871 271 Si
891 230 997 284 legas
1021 231 1086 271 καὶ
1110 227 1187 282 οἷς,
1209 243 1254 274 ut
1276 235 1439 288 margini
1462 236 1530 278 ad-

261 283 447 337 scriptum
474 282 547 331 est,
575 283 697 324 videri
760 285 876 324 oterit
898 285 1059 326 aliorum
1089 285 1195 335 fieri,
1219 300 1340 342 quam
1372 289 1530 332 illorum

262 335 473 390 ἠπειρωτῶν
507 339 673 378 mentio:
705 338 717 378 i
743 351 871 392 eoque
902 340 1028 380 minus
1057 339 1240 394 scriptura
1270 341 1365 383 haec
1395 343 1530 398 placet.

259 391 414 433 Sum-1.
438 391 586 432 Laudat
606 392 643 431 h.
661 391 685 431 l.
708 392 840 433 Suidas
858 407 900 432 v.
929 393 1070 434 καλῶς.
1092 395 1238 435 WAss.

318 454 401 492 ibid.
426 451 473 492 Οἱ
494 453 659 492 παλαιοὶ
680 452 754 492 τῶν
774 453 968 503 ποιητῶν)
989 454 1118 495 Exstat
1140 456 1403 498 testimonium
1423 457 1532 512 apud

263 505 454 559 plurimos
471 537 485 554 ,
529 506 699 560 inprimis
728 520 828 548 vero
870 508 1166 562 antiquiffimum
1205 511 1424 552 Homerum
1441 544 1453 562 ‚
1489 512 1531 552 in

260 559 437 613 Odyss’ea
462 558 519 613 γ’,
544 560 586 600 &
611 560 651 599 in
674 561 842 612 Hymno
866 561 1085 616 Apollinis,
1112 564 1180 604 ubi
1202 564 1330 606 nescio
1357 567 1445 620 quis
1465 565 1531 606 ad-

260 626 384 655 venas
403 612 545 654 affatur
568 613 646 654 hoc
671 613 813 654 modo:

308 664 362 712 ’Ὦ
383 673 515 726 ξεῖνοι,
536 673 634 715 τίνες
652 673 766 724 ὲστέ;
792 674 902 716 πόθεν
923 675 1057 718 πλεῖθ’
1079 674 1183 732 ὑγρὰ
1207 678 1399 730 κέλευθιι;

286 737 355 796 ,Ἥ
377 737 421 776 τί
440 739 547 776 κατὰ.
576 735 712 791 πρῆξιν
726 766 738 786 ,
767 735 787 778 ἦ
810 738 1014 790 μαψιθίως
1038 738 1259 791 ἀλάλησθε,

318 797 396 840 Οἷά,
417 814 462 841 τε
490 800 686 856 ληϊστιῖρες
713 798 822 854 ὑπεὶς
848 800 931 843 ἄλαι
947 816 958 852 ;
977 803 1036 843 τοί
1055 803 1103 857 ‘y'
1130 803 1318 846 ἀλόωνται

316 866 472 918 Ψυχὰς
490 863 731 918 παρθεζαενοι,
752 867 868 906 κανὼν
889 865 1150 907 &nosocomo-1
1180 866 1368 922 φέροντες.

262 926 332 968 ubi
358 924 603 967 Scholiastes:
630 921 694 965 οὐκ
722 923 860 978 &saiw
889 920 927 969 {iv
947 929 1056 980 παρὰ,
1076 926 1157 968 τοῖς
1182 929 1371 968 παλαιοῖς
1391 929 1434 968 τὶ
1465 936 1533 980 λῃέ

264 978 426 1028 στεύειν,
455 979 547 1020 ἀλλ’
569 978 726 1029 ἔνδοξον.
759 981 899 1021 HUDS.
922 981 1023 1022 Add.
1055 980 1226 1022 Eustath.
1247 983 1286 1022 in
1307 981 1446 1035 Odyff.
1471 983 1533 1037 γ’,

267 1047 379 1087 1457.
405 1047 522 1090 quem
543 1033 675 1075 locum
699 1035 762 1075 hic
782 1034 1025 1090 adscripscrat
1051 1035 1141 1076 clar.
1160 1035 1319 1078 Wass'e:
1344 1037 1387 1078 &
1402 1036 1531 1078 Iustin-

262 1088 412 1139 XLIII,
443 1101 491 1142 3,
514 1088 646 1143 ibique
668 1088 784 1129 Bern.

318 1151 395 1189 ead.
422 1149 448 1189 l.
476 1163 534 1197 14.
560 1148 635 1189 Τῶν
660 1149 986 1204 καταπλεόντων)
1009 1149 1098 1191 Post
1118 1151 1420 1192 καταπλεόντων
1447 1165 1530 1194 non

263 1213 408 1243 temere
426 1203 551 1258 posita
572 1201 644 1246 fuit
657 1203 929 1259 interpunffio,
949 1203 1011 1244 sed
1027 1204 1228 1247 consulto:
1245 1219 1333 1246 cum
1355 1206 1446 1246 illud
1458 1206 1533 1246 πύ-

263 1272 369 1298 στεις
391 1270 473 1298 non
495 1258 598 1298 aliud
627 1256 730 1298 foret
745 1289 757 1306 ‚
781 1271 900 1313 quam
922 1255 1138 1312 ἐρωτήσεις,
1163 1259 1328 1314 ideoque
1355 1260 1530 1323 ineptum

262 1310 440 1354 futurum
472 1310 518 1352 fit
546 1312 695 1361 dicere,
730 1314 805 1352 τὰς
833 1311 997 1353 πύστεις
1030 1312 1245 1367 ἐρωτῶντες.
1283 1313 1387 1367 Quo
1417 1315 1533 1368 igitur

265 1365 527 1408 accusativum
565 1366 667 1406 hunc
694 1365 856 1408 πύστεις
891 1367 1045 1408 tendere
1073 1367 1278 1408 dicemus?
1313 1381 1452 1423 nempe
1485 1369 1535 1410 ad

264 1419 500 1461 subauditam
525 1419 847 1475 praepositionem
882 1420 1003 1462 κατά.
1036 1421 1167 1462 Utitur
1199 1422 1302 1463 enim
1331 1422 1409 1463 hoc
1436 1426 1533 1477 poe-

264 1474 344 1515 tico
370 1474 515 1528 alioqui
546 1474 744 1515 vocabulo
775 1476 818 1517 &
848 1475 938 1516 alibi
961 1507 974 1526 ‚
1009 1478 1116 1515 κατὰ
1150 1474 1292 1525 πύστιν
1319 1473 1362 1517 οῖ
1377 1478 1534 1531 χωροίη.

265 1528 418 1570 STEPH.
442 1528 489 1570 In
510 1527 636 1570 Codd.
659 1527 744 1570 Mff.
773 1529 963 1570 distinfflo
986 1528 1069 1583 post
1088 1528 1325 1582 πανταχοῦ,
1357 1543 1438 1571 non
1461 1546 1535 1571 κοι-

265 1582 532 1630 τοιπλεόντων,
557 1582 781 1624 collocatur.
811 1584 949 1625 Huns.
980 1584 1144 1624 Πύστεις
1165 1584 1262 1624 inter
1290 1582 1536 1638 Thucydidis

264 1636 490 1690 ymrthn
516 1638 627 1692 ponit
656 1637 790 1678 Suidas
809 1638 849 1677 in
875 1634 1055 1692 περιωπή.
1080 1637 1257 1692 ἐρώτησις
1281 1639 1398 1678 etiam
1428 1639 1532 1694 expl.

265 1690 436 1744 Hesych.
457 1690 511 1731 D.
538 1691 659 1732 Halic.
680 1692 775 1732 Ant.
802 1692 849 1742 I,
870 1691 937 1739 81,
961 1690 1102 1733 emme
1125 1693 1234 1731 κατὰ
1256 1696 1436 1732 ΠΎΣΤΙΝ
1465 1691 1535 1734 τοῦ

265 1744 468 1798 τρέφοντος.
502 1745 566 1787 Sic
598 1744 669 1789 Ms.
698 1746 829 1787 Varie.
862 1761 903 1786 v.
933 1746 1097 1787 eundem
1130 1746 1175 1786 de
1196 1745 1381 1798 Thucyd.
1411 1746 1428 1796 §
1473 1760 1534 1800 ²9·

265 1798 388 1841 Gloff.
414 1800 557 1851 πύσμα.
581 1801 840 1854 percontatio.
860 1801 990 1855 Eurip.
1011 1799 1159 1840 Eleera
1183 1801 1286 1854 690:
1313 1801 1351 1841 ἢν
1374 1800 1446 1852 μὲν
1471 1799 1536 1841 ’έλ-

266 1854 304 1904 Bp
327 1858 510 1894 ΠΤΣΤΙΣ
535 1852 710 1907 εὐτυχὴς
728 1853 853 1904 σέθεν,
877 1853 1120 1907 Ὀλολύζετοιι
1138 1853 1219 1895 πᾶν
1243 1852 1372 1906 θῶμαι.
1396 1868 1421 1895 a
1438 1854 1532 1895 πεύ-

268 1923 321 1948 σω
349 1907 522 1959 πύστις,
553 1906 572 1950 ἦ
607 1908 661 1948 ΑΨ
693 1906 806 1948 ἀκοῆς
832 1907 1006 1961 μάθησις.
1042 1907 1210 1949 Eustath.
1245 1907 1294 1948 ad
1321 1907 1458 1962 Odyff.
1491 1906 1535 1950 ά..

267 1963 413 2002 WAss.
437 1962 690 2004 Grammatici
718 1962 871 2016 quidem
902 1958 1101 2003 discrimen
1125 1961 1294 2003 statuunt
1316 1962 1415 2003 inter
1440 1976 1535 2003 πυν-

268 2015 459 2058 θάνεσθαι
484 2017 524 2057 &
546 2015 706 2069 ἐρωτᾷν,
729 2017 820 2057 item
843 2018 942 2057 inter
956 2015 1098 2056 πύστιν
1121 2016 1162 2056 &
1188 2015 1391 2069 ἐρώτησιν,
1413 2017 1466 2057 ita
1488 2026 1534 2056 ut

266 2081 318 2109 ex
342 2082 479 2110 eorum
502 2070 682 2112 sententia
702 2083 782 2111 non
805 2071 980 2112 videatur
999 2070 1072 2111 dici
1121 2068 1199 2111 offe
1227 2067 1366 2111 πύστιν
1385 2068 1534 2123 ἐρωτᾷν.

268 2122 342 2164 Sed
359 2136 440 2164 non
459 2125 596 2174 credo,
616 2124 816 2178 scriptores
833 2124 1008 2165 Graecos
1026 2123 1064 2165 se
1098 2136 1228 2177 emper
1245 2122 1400 2163 illorum
1420 2123 1536 2164 dicta·

268 2178 316 2218 tis
334 2177 500 2232 alligare.
521 2178 637 2219 Certe
661 2179 818 2220 Lucian.
847 2178 1046 2220 Pseudom.
1066 2192 1103 2232 p.
1125 2179 1203 2226 767
1224 2176 1439 2231 promiscue
1463 2175 1536 2218 πύ-

269 2246 354 2272 στιν
375 2231 417 2272 &
442 2231 614 2284 ἐρώτησιν
630 2263 642 2282 ,
669 2232 924 2272 πυνθάνεσῧαι
951 2233 993 2272 &
1016 2229 1153 2283 ἐρωτᾷν
1176 2231 1273 2271 dicit.
1296 2229 1449 2272 Deinde
1466 2263 1478 2280 ,
1504 2230 1536 2272 fi

268 2285 344 2327 iam
367 2285 773 2340 orzio-‘reneaccipiamus
796 2299 870 2340 pro
891 2283 1082 2339 ἐρωτήσεις
1096 2316 1107 2335 ,
1126 2298 1196 2326 cur
1226 2285 1388 2338 ineptius
1412 2285 1456 2325 fit
1477 2286 1535 2326 di-

269 2352 358 2382 cere
382 2336 575 2392 ἐρωτήσεις
601 2338 761 2393 ἐρωτᾷν,
812 2352 901 2379 uam
928 2338 1087 2380 πύστεις
1119 2338 1396 2389 πυνθάνεσδειι,
1427 2339 1535 2394 quod

269 2392 324 2434 est
351 2407 412 2446 ap.
435 2394 549 2435 eund.
572 2393 596 2435 l.
629 2394 666 2434 d.
690 2394 786 2434 &in
820 2393 896 2433 nita
917 2393 988 2434 alia
1018 2393 1134 2433 huius
1163 2393 1311 2446 generis
1337 2394 1374 2432 in
1397 2392 1545 2434 utrius-⁵

269 2461 347 2503 que
366 2448 520 2503 linguae
535 2446 810 2506 scriptoribus?
827 2447 942 2490 Plane
962 2445 1098 2503 ellipsis
1119 2446 1182 2488 illa
1203 2446 1384 2502 Stephani
1404 2449 1448 2491 &
1469 2447 1538 2490 du-
